2900 4578
599 127 815 186 ,24-

133 297 230 388 κακίηι
253 297 420 383 συμβαίνει
444 301 503 376 τὰς
524 299 675 376 τοιαύτας
696 295 857 380 δυνάμεις,
889 296 966 360 όταν
995 297 1086 376 ἀπαξ
1114 293 1160 374 είς
1190 295 1286 383 ἀρχήν

132 404 188 470 καὶ
221 405 373 492 διαβολήν
399 401 567 487 ἐμπέσωσι
597 402 681 491 πρός
708 426 811 482 τινας,
842 395 908 466 ἀλλ’
943 400 1215 490 ἀποθηριοῦσθαι
1244 403 1285 466 τὸ

132 511 313 574 τελευταῖον
338 507 394 573 καί
421 509 665 596 παραστατικήν
693 505 867 590 λαμβάνειν
895 505 1056 573 διάθεσιν.
1115 516 1142 588 1,
1168 515 1219 588 70,
1247 517 1284 572 1:

133 618 267 700 θεωρῶν
299 613 350 678 ότι
384 612 505 678 τούτων
536 609 837 699 ἀποθηριωθέντων
864 611 1079 676 κινδυνεύουσι
1108 622 1286 699 προφανῶς

134 713 165 781 οἱ
192 715 409 802 Καρχηδόνιοι
548 726 576 794 1,
595 724 645 795 79,
663 723 696 781 8:
726 713 929 798 ἐβουλεύοντο
959 727 1031 792 πῶς
1148 713 1284 801 ἀποθη-

134 822 285 909 ριώσαιεν
312 821 354 884 τά
390 821 503 907 πλήθη
522 821 606 906 πρὸς
641 821 716 896 τοὺς
737 816 984 906 Καρχηδονίους.
1048 827 1076 900 1,
1098 827 1148 900 81,
1174 826 1206 884 5:
1247 817 1284 882 οά

133 925 230 1008 μόνον
242 927 284 990 τὰ
307 925 440 1007 σώματα
454 936 517 988 τῶν
532 923 716 1011 ἀνθρώπων
736 921 792 990 καί
812 917 884 988 τινα
905 935 969 988 τῶν
991 921 1024 988 ἒν
1039 921 1147 1000 αὐτοῖς
1169 946 1283 1009 γεννω-

133 1028 234 1114 μένων
257 1026 355 1094 ἐλκων
384 1026 441 1093 καί
467 1028 620 1117 φυμάτων
652 1028 923 1116 ἀπόθηριοῢσθαι
952 1023 1119 1111 συμβαίνει
1145 1025 1201 1091 καί
1229 1049 1283 1090 τε-

133 1133 212 1212 λέως
235 1133 404 1222 ἀβοήθητα
426 1130 591 1220 γίνεσθαι,
615 1133 701 1198 πολὺ
715 1131 751 1198 δέ
773 1132 914 1215 μάλιστα
928 1133 986 1210 τὰς
999 1131 1114 1219 ψυχάς.
1149 1139 1283 1213 1,81,9;

133 1235 424 1326 ἀποθηριωθέντες
447 1235 616 1324 ἐξέστησαν
639 1249 695 1325 τής
718 1233 925 1323 ἀνθρωπίνης
947 1236 1087 1324 φύσεως,
1111 1237 1283 1320 multisque

133 1343 205 1410 aliis
224 1343 311 1409 locis.
357 1342 425 1406 Hoc
449 1361 547 1425 comp.
571 1345 662 1425 prim.
686 1362 734 1424 ap.
754 1343 822 1406 Pol.
846 1342 1035 1424 reperitur.1

224 1446 258 1533 2)
281 1444 530 1533 ἀποθηλόνεινῧ,
576 1448 668 1530 prim.
701 1467 749 1530 ap.
780 1448 953 1530 Theophr.;
993 1453 1043 1531 32,
1069 1453 1120 1526 23,
1144 1453 1180 1510 6;
1209 1445 1284 1522 τοὺς

135 1551 218 1615 κατὰ
239 1551 295 1638 τήν
314 1543 450 1614 Ἰταλίαν
471 1549 667 1637 ἀνθρώπους
689 1548 745 1614 οάκ
762 1547 911 1634 ἐβούλετο
932 1544 1001 1614 κατ’
1028 1546 1140 1614 οὐδένα
1161 1548 1284 1636 τρόπον

134 1653 407 1742 ἀποθηλόνεσθαι
437 1653 493 1718 διὰ
518 1656 574 1741 τήν
601 1653 809 1741 πολυχρόνιον
837 1650 966 1741 εἰρήνην.
1047 1655 1155 1739 Simpl.
1187 1655 1282 1737 vulgo

133 1761 167 1824 in
191 1763 268 1826 orat.
292 1763 346 1826 att.
815 1755 816 1758 ’

222 1863 256 1950 3)
280 1861 554 1949 ἀποκαραδοκεῖν,
585 1863 676 1946 prim.
701 1884 748 1946 ap.
770 1864 851 1940 ΡοΙ.,
882 1883 954 1929 oum
979 1865 1041 1929 noi.
1067 1865 1282 1945 exspectandi:

137 1976 187 2048 16,
205 1976 235 2048 2,
254 1975 287 2032 8:
315 1965 410 2044 αὐτὸς
436 1965 501 2030 ὑπὸ
532 1967 590 2044 τὰς
612 1962 743 2053 νησίδας
770 1965 973 2053 ἀναχωρήσας
1075 1965 1282 2051 ἀπεκαραδό-

134 2093 184 2135 κει
210 2071 266 2136 τὸν
287 2067 436 2136 κίνδυνον.
496 2077 546 2155 18,
562 2079 614 2152 48,
635 2079 672 2136 4ι
709 2070 932 2155 συνεβούλευον
965 2068 1051 2156 αάτφ
1083 2072 1284 2155 πρεσβευτὰς

134 2173 280 2258 πέμπειν
301 2231 306 2242 .
325 2227 350 2256 .,
374 2177 426 2240 ἵνα
448 2177 491 2262 μή
514 2176 592 2264 δοκῇ
613 2227 666 2242 ...
689 2175 948 2263 ἀποκαραδοκεῖν
967 2176 1023 2262 τήν
1036 2168 1201 2256 Ἀντιόχου
1216 2199 1285 2238 πα-

134 2277 274 2369 ρουσίαν.
317 2291 367 2362 21,
387 2287 437 2361 36,
455 2289 491 2346 3:
514 2281 599 2344 πολὺ
615 2281 745 2366 πλῆθος
761 2278 988 2362 ἐξιλασάμενος
1010 2275 1099 2357 λείας
1116 2277 1283 2367 ἀπέκαρα-

134 2383 222 2450 δόκει
243 2386 318 2462 τοὺς
341 2383 377 2448 ἐκ
397 2396 452 2472 τῆς
471 2384 605 2462 πόλεως.

221 2491 255 2575 4)
269 2488 532 2576 ἀποκαρτερεῖν,
557 2490 733 2570 testificari,
756 2491 894 2576 primum
909 2510 958 2573 ap.
975 2492 1100 2574 Polyb.;
1125 2498 1176 2571 31,
1187 2499 1215 2571 7,
1226 2497 1283 2558 20:

133 2591 273 2658 πλεῖστά
293 2617 328 2679 χε
351 2595 410 2681 μήν
432 2593 626 2681 συνήργησαν
654 2597 723 2672 τοῖς
740 2591 877 2672 Ῥοδίοις
909 2595 993 2683 πρός
1025 2595 1063 2660 τὸ
1096 2597 1199 2675 τυχεῖν
1228 2604 1284 2680 της

135 2695 315 2781 συμμαχίας
341 2694 372 2762 οὶ
398 2697 476 2784 περὶ
501 2698 558 2763 τδν
581 2696 730 2785 Τιβέριον
812 2751 819 2764 .
876 2693 973 2766 Οὗτοι
1003 2700 1063 2786 γὰρ
1093 2698 1282 2785 ἀπομαρτυ-

135 2801 285 2889 ρήσαντες
309 2857 336 2870 ..
357 2811 444 2866 πᾶσι
465 2806 534 2879 τοῖς
555 2813 612 2890 τής
627 2802 798 2890 συγκλήτου
821 2803 961 2890 δόγμασι
983 2799 1283 2892 πεπειθαρχηκέναι

133 2906 208 2983 τοὺς
232 2902 381 2984 Ῥοδίους.
447 2907 538 2972 Adde
562 2915 614 2991 31,
633 2916 682 2989 18,
700 2918 730 2974 4.
786 2917 837 2990 32,
856 2919 884 2989 1,
903 2918 930 2975 2.
976 2909 1075 2974 Attio.
1105 2909 1150 2974 ita
1179 2909 1282 2990 simpl.

134 3015 313 3094 usurpatur,
337 3031 384 3095 ap.
405 3012 485 3077 Plai.
513 3013 605 3077 simil.
629 3014 724 3078 etiam
748 3008 899 3098 ἐπιμαρτ.

223 3114 258 3200 5)
282 3113 532 3196 ἀποπιστεόειν,
564 3117 735 3199 confider03
766 3117 856 3198 prim.
886 3137 935 3200 ap.
959 3118 1043 3184 Pol.:
1072 3125 1101 3197 3,
1120 3126 1170 3195 71,
1189 3124 1221 3180 2;
1251 3111 1283 3179 οἱ

135 3213 359 3305 χάρῬωμαῖοι
381 3218 465 3305 πρὸς
486 3216 544 3301 μέν
565 3219 639 3296 τοὺς
660 3219 792 3296 ὑλώδεις
813 3218 935 3296 τόπους
957 3217 1114 3297 ὑπόπτως
1134 3211 1280 3300 εἶχον...,

135 3325 204 3399 τοῖς
226 3316 257 3386 δ’
284 3319 458 3400 ἐπιπέδοις
476 3321 532 3388 καί
555 3324 667 3411 ψιλοῖς
689 3320 941 3389 ἀπεπίστεοον.8

206 3545 232 3612 1)
258 3543 347 3612 simpl.
373 3550 544 3614 θηριοῦσθαι
570 3543 707 3597 invenitur
731 3543 799 3597 Plat.
825 3545 878 3611 leg.
903 3561 930 3613 p.
952 3543 1046 3599 935A
1069 3543 1126 3599 ead.
1150 3545 1206 3598 noi.
1231 3558 1284 3610 qua

136 3631 241 3700 simpL:
261 3631 374 3685 efferari.

207 3717 234 3784 2)
252 3718 304 3771 hoc
321 3733 436 3784 compos.
458 3728 490 3770 'ex
507 3718 637 3774 emendat.
656 3717 759 3772 Reiskii
780 3717 863 3786 (722)
882 3719 915 3771 ab
933 3718 1057 3773 Hulisch
1075 3717 1103 3770 in
1130 3716 1284 3770 contextum

137 3807 274 3872 receptum
293 3805 348 3870 est,
378 3803 549 3872 aptissimum
574 3804 655 3874 hujus
678 3805 731 3858 loci
755 3803 918 3870 sententiam
944 3803 1093 3870 Schweigh.
1118 3801 1195 3857 codd.
1218 3802 1284 3856 seri-

136 3893 245 3960 pturam
264 3891 442 3945 ἀπόλλυσθαι
461 3893 586 3946 servavit.
622 3891 748 3945 Ceterum
766 3892 817 3946 hoo
834 3909 858 3946 v.
877 3893 959 3947 etiam
978 3909 1010 3946 ex
1022 3889 1166 3959 clearcho,
1185 3891 1284 3946 recent.

138 3994 204 4032 eom.
225 3980 320 4047 poeta,
339 3979 446 4032 citatur.

210 4065 237 4132 3)
256 4064 308 4120 Un.
320 4065 350 4119 -B
369 4065 458 4134 simpl.
477 4067 624 4118 ἐπίστευον
641 4065 759 4132 praebet.
