2900 4578
622 170 839 226 ..ῃ,ὴ

154 335 273 422 νόντων
294 319 441 417 ἀνεκτόν,
472 331 633 402 Αἰτωλῶν
655 329 685 400 δ’
713 333 770 400 οὐκ
792 333 935 416 ἀνεκτόν,
967 336 1020 402 ubi
1048 333 1202 422 λεγόντων
1224 333 1303 398 illud

155 437 333 529 ἀναφθέηη.
365 443 485 524 recipit.
537 441 597 525 Ap.
621 441 735 506 atticos
759 441 927 523 scriptores
955 441 1038 505 idem
1063 441 1128 505 fere
1152 439 1213 505 sibi
1235 439 1305 503 vult

154 541 366 635 φθέγγεσθαι
393 545 489 632 (apud
509 545 608 624 Plat,
639 547 780 629 Xenoph.
803 547 835 610 et
858 543 927 634 ελ),
960 564 1007 628 ap.
1028 543 1110 612 Plat.
1133 545 1179 608 ita
1208 543 1305 608 etiam

155 647 433 738 ἐπιφθέγγεσθαι.

245 753 279 840 6)
302 749 480 840 ἀναφωνεῖν
499 771 621 836 quoque
644 755 773 818 verbum
799 754 860 818 huo
883 753 1025 836 spectare
1047 754 1141 836 puto,
1168 753 1303 834 primum

156 861 196 925 ab
212 858 343 924 Aristot.
360 859 561 941 usurpatum,
584 876 656 922 cum
672 857 798 922 notione
821 875 931 923 vocem
954 855 1102 936 tollendi,
1126 856 1305 932 emittendi3

157 969 186 1043 3,
205 969 256 1043 33,
274 969 308 1027 4:
328 959 533 1049 ἀνεφώνησαν
555 963 622 1042 ἅμα
641 957 698 1024 καὶ
719 956 853 1037 πλείους
874 1011 881 1024 .
899 1011 928 1026 ..
952 957 1107 1041 δέχεσθαι
1129 957 1307 1046 φάσκοντες

155 1067 236 1152 (scil.
267 1066 321 1130 τὸν
340 1063 515 1152 πόλεμον);
539 1067 624 1130 idem
647 1067 710 1131 fore
738 1069 820 1150 apud
843 1068 901 1132 att.
925 1067 1069 1149 scriptor.
1100 1065 1232 1148 simplex
1253 1084 1306 1129 ex·

154 1173 272 1254 primit.

246 1273 279 1362 7)
309 1276 358 1340 his
382 1275 462 1339 addo
490 1271 717 1358 ἀναοωρεύειν,
747 1273 829 1358 quod
852 1293 900 1358 ap.
928 1253 1026 1339 unum
1054 1273 1163 1356 Polyb.
1195 1274 1307 1350 exstat,

156 1381 245 1464 cujus
267 1379 398 1462 simplex
419 1381 555 1462 primum
580 1377 663 1460 apud
686 1380 818 1443 eundem
843 1381 981 1444 occurrit
1011 1379 1121 1444 eadem
1148 1379 1213 1444 fere
1236 1396 1307 1441 eum

157 1485 387 1568 significatione
411 1483 606 1560 exstruendi;
639 1483 677 1548 oi.
702 1488 731 1562 8,
749 1488 800 1563 35,
819 1489 853 1548 5:
879 1491 938 1547 τοῦ
962 1482 1037 1562 χοὸς
1066 1477 1306 1566 ἀνασωρεοομέ-

155 1609 227 1667 νον,
252 1589 284 1654 et
309 1595 358 1668 16,
380 1595 429 1668 11,
446 1593 483 1652 4:
508 1585 564 1650 διά
583 1596 642 1650 τοῦ
660 1585 809 1674 πλήθους
830 1597 886 1674 τῆς
909 1583 1123 1674 σωρευομένης
1141 1595 1203 1673 γῆ.

243 1727 279 1792 B.
324 1725 504 1808 Composita
525 1712 580 1806 aa,
604 1727 636 1790 in
660 1725 772 1809 quibus
793 1735 898 1810 praep.
923 1723 984 1790 ἀνά
1005 1746 1061 1808 pro
1085 1725 1148 1792 alia
1171 1723 1306 1808 quadam

155 1832 205 1896 est
228 1830 371 1912 sumpta:

244 1948 277 2035 a)
300 1949 399 2015 attica
420 1955 494 2016 sunt

245 2067 279 2154 1)
303 2066 503 2150 deodericum,
535 2091 584 2153 ap.
608 2071 717 2156 Polyb.
740 2069 822 2135 idem
855 2073 938 2154 quod
969 2068 1166 2150 διαδιδόναι,
1197 2070 1305 2136 distri-

158 2176 253 2240 buere
276 2175 326 2240 his
345 2173 439 2238 locis:
467 2181 496 2254 2,
515 2182 565 2254 33,
583 2182 620 2239 4:
648 2172 846 2250 ἀναδόντες.
863 2225 871 2238 .
890 2225 896 2239 .
918 2175 960 2238 τά
983 2172 1104 2260 δόρατα
1123 2185 1186 2238 τῶν
1208 2171 1305 2238 κατό-

156 2303 218 2342 πιν
240 2276 428 2366 ἐφεστώτων
449 2281 521 2355 ταῖς
543 2279 689 2364 πριίνιαις
712 2275 877 2364 σπείραις,
901 2285 930 2359 5,
942 2288 1038 2360 64,1;
1059 2279 1142 2343 κατὰ
1157 2275 1229 2364 γένη
1251 2274 1307 2342 καί

156 2377 240 2447 καθ)
281 2379 405 2470 ἡλικίαν
438 2383 597 2460 διελόντες
627 2380 782 2448 ἀνέδοσαν
815 2379 963 2461 έκόστοις
998 2384 1073 2460 τοὺς
1106 2379 1308 2470 ἐπιτηδείους

157 2487 417 2568 καθοπλισμούς.
462 2490 500 2554 ln
522 2490 631 2573 lingua
653 2492 710 2554 att.
730 2490 823 2574 vulgo
843 2491 933 2555 notat
951 2509 1127 2572 procreare,
1148 2492 1186 2554 de
1208 2491 1307 2571 terra;

157 2593 266 2674 paucis
289 2592 367 2656 locis
391 2597 438 2658 est
460 2594 637 2676 porrigere,
662 2594 781 2659 offerre.

249 2695 282 2782 2)
306 2694 550 2777 ἀνακαλύπτειν,
576 2697 657 2780 apud
681 2697 795 2762 atticos
818 2697 987 2780 scriptores
1010 2715 1073 2762 nou
1099 2703 1146 2763 est
1170 2695 1308 2778 exceptis

159 2802 280 2867 duobus
302 2801 443 2884 Xenoph.
466 2799 561 2880 loeis,
598 2800 652 2866 sed
682 2801 746 2867 illis
770 2801 872 2866 medio
897 2821 1010 2886 genere
1034 2801 1192 2884 usurpatis
1213 2818 1308 2864 sensu

158 2905 310 2981 neutrali,
332 2903 475 2970 revelari.
521 2903 582 2969 Sed
603 2924 651 2988 ap.
670 2906 780 2989 Polyb.
805 2906 908 2971 activo
931 2907 964 2969 in
988 2925 1102 2990 genere
1126 2908 1228 2970 exstat
1250 2921 1307 2986 pro

158 3005 369 3072 ἐκκαλύπτειν
392 3008 443 3074 rel
472 3009 577 3090 potius
605 3006 867 3090 ἀποκαλύπτειν,
899 3012 1019 3092 aperire
1050 3009 1145 3074 alicui
1175 3008 1308 3092 aliquid;

159 3119 189 3192 4,
207 3117 259 3192 85,
278 3119 313 3176 6:
344 3111 428 3195 πρὸς
453 3112 527 3188 τοὺς
541 3107 690 3192 Ἀχαιοὺς
714 3109 949 3177 ἀνακαλύπτειν
967 3135 1000 3176 τι
1023 3111 1156 3196 τούτων,
1189 3112 1308 3177 similit.

159 3235 208 3298 ap.
231 3217 338 3298 Eurip.
359 3213 472 3301 λόγους
494 3213 582 3282 ἀνακ.

247 3319 282 3402 3)
313 3315 490 3384 ἀνακλίνειν
518 3341 575 3404 pro
601 3305 804 3385 κατακλίνειν
840 3320 937 3408 (quod
967 3321 1048 3404 apud
1074 3321 1246 3387 'Platonem
1277 3326 1308 3388 et

158 3423 198 3490 al.
222 3423 376 3510 saepius),
410 3425 547 3506 aliquem
569 3425 707 3492 inlecto
732 3427 1038 3510 considerejubere;
1071 3434 1121 3507 31,
1139 3434 1169 3506 4,
1187 3433 1223 3491 5:
1255 3420 1308 3502 οὓς

157 3524 216 3610 μέν
239 3523 375 3614 εἰσῆγεν,
401 3523 454 3606 οάς
476 3526 507 3593 δ’
530 3526 680 3594 ἀνέκλινε.

117 3654 123 3663 “
247 3649 281 3734 b)
304 3651 450 3730 verbum,
474 3651 589 3718 atticae
613 3653 763 3719 orationis
786 3673 847 3719 nou
870 3655 919 3718 est

246 3767 436 3852 decaetero,
469 3772 671 3856 quodetiam
699 3793 747 3858 ap.
771 3773 920 3858 Hippocr.
950 3776 982 3840 et
1004 3775 1098 3858 Soph.
1122 3773 1224 3840 exstat
1251 3791 1307 3856 pro

157 3894 283 3940 sursum
307 3894 434 3959 spuere;
458 3897 505 3958 ap.
522 3877 590 3942 Pol.
617 3879 664 3942 est
688 3897 836 3960 expuere,
858 3879 879 3943 i.
899 3899 927 3962 q.
950 3877 1133 3943 ἀποπτύων
1152 3898 1198 3961 ap.
1215 3877 1308 3960 Xen.;

158 3985 210 4058 12,
231 3985 354 4060 13,11:
384 3975 513 4060 κοχλίας
535 3977 723 4064 αάτομάτως
743 3979 882 4065 βαδίζων
904 3985 1077 4070 προηγεῖτο
1094 3993 1150 4068 τῆς
1171 3991 1309 4069 πομπῆς

156 4079 259 4170 αὐτῷ,
284 4079 396 4150 σίαλον
417 4081 596 4151 ἀναπτύων.
