2900 4578
613 170 828 228 ,28-

145 329 203 420 βίηι
226 383 262 399 ..
293 333 351 400 ἐπὶ
381 345 534 401 τοσοῦτον
562 337 644 402 ὥστε
674 347 730 424 τῆς
756 335 878 423 πέτρας
909 333 942 401 ἐν
970 336 1038 411 τοῖς
1067 331 1155 397 κάτω
1185 327 1299 416 μέρεσι

145 439 259 504 πλεῖον
280 439 300 527 λ)
323 437 454 505 στάδιον
476 439 686 529 ἀφάλλεσθαι
707 443 763 530 τὴν
783 441 969 528 καταφορὰν
994 436 1092 502 αὐτοῦ
1099 489 1107 520 ,
1136 439 1156 502 i.
1174 457 1199 502 ε.
1221 439 1257 501 ut
1270 487 1298 501 ..

147 544 280 612 desiliat.
324 546 487 612 Invenitur
510 548 569 612 hoo
592 566 692 632 oomp.
717 549 814 614 etism
836 567 884 629 ep.
900 545 1048 629 Aeschyl.
1068 547 1099 608 ei
1114 541 1274 623 Aristoph.

234 647 268 735 2)
291 645 442 737 ἀφέφειν,
469 653 537 736 jam
563 671 612 734 sp.
635 652 729 736 Hipp.
753 655 785 717 ei
807 651 985 733 Arietem..
1020 649 1209 732 decoquere:
1244 653 1297 726 34,

151 759 276 834 10,12:
299 761 358 818 τοῦ
379 751 493 839 ἀχδάου
513 751 629 841 μέρους
646 754 743 837 μόνον
763 750 1000 843 ἀφεψηθέντος.

234 873 265 961 ο)
288 877 334 940 Ex
358 876 540 958 compositis
563 897 581 942 ε
604 877 831 944 recentioribus
853 875 935 942 fioiis
960 876 1054 940 affero

233 993 268 1080 α)
293 1014 427 1077 eaquae
451 1016 498 1080 εμ.
522 997 600 1063 elios
625 1016 746 1082 quoqne
769 999 959 1082 posteriores
984 997 1088 1079 soripi.
1113 995 1252 1058 erebant:

236 1115 269 1202 1)
292 1113 500 1198 ἀπελπίζειν,
526 1118 705 1203 desperare:
740 1127 910 1200 1,19,12:
943 1112 1132 1192 ἀπελπίσας
1150 1109 1300 1196 Ἀννίβας

146 1221 188 1283 τὰ
210 1218 394 1306 πράγματα.
441 1231 469 1302 1,
487 1229 538 1303 55,
555 1229 592 1286 2;
614 1233 670 1310 τῆς
692 1233 747 1309 γῆς
770 1221 824 1303 οὐχ
847 1222 927 1299 δ’λως
949 1219 1143 1308 ἀπήλπιζον.
1197 1226 1226 1298 3,
1244 1225 1297 1300 63,

149 1333 208 1390 13:
245 1325 339 1412 δῆλον
373 1327 416 1402 ὡς
449 1325 670 1404 ἀνυπόστατος
703 1322 816 1413 γένοιτ’
851 1325 889 1390 ἀν
916 1327 935 1414 ν)
968 1336 1031 1390 τῶν
1066 1320 1299 1410 ἀπηλπικάτων

146 1428 266 1512 τόλμα,
301 1432 471 1515 multisque
507 1433 577 1498 aliis
613 1433 698 1499 loeis.
759 1434 828 1498 Hoo
858 1431 1144 1515 εοωμοε.1]μίομε.
1175 1449 1298 1512 quoque

146 1535 272 1620 habeb„
924 1556 926 1564 ’

240 1639 274 1724 2)
297 1637 465 1704 ἀποθεοῦν
476 1643 497 1722 1,
525 1641 616 1725 prim.
640 1663 686 1725 sp.
710 1643 794 1719 Pol..
817 1645 945 1708 deorum
968 1641 1101 1706 honores
1124 1637 1219 1702 alieni
1240 1637 1300 1700 iri-

147 1747 261 1810 buere:
294 1753 344 1824 12,
370 1753 421 1825 23,
446 1755 483 1810 4;
514 1743 632 1823 ἐκεῖνος
654 1745 687 1832 (ὁ
707 1742 946 1832 Καλλισθένης)
968 1741 1026 1826 μὲν
1056 1738 1110 1806 οὖν
1129 1740 1298 1806 ἀποθεοῦν

151 1842 359 1934 Ἀλέξανδρον
389 1847 566 1937 ἐβουλήθη,
603 1847 757 1937 (Τίμαιος
785 1848 821 1916 δέ
850 1846 947 1932 μείζω
976 1850 1069 1912 ποιεῖ
1102 1841 1298 1928 Τιμολέοντα

147 1965 210 2017 τῶν
231 1951 498 2041 ἐπιφανεστάτων
518 1955 629 2044 θεῶν).

237 2058 271 2146 3)
294 2057 515 2146 ἀποθεωρεῖν,
548 2062 636 2143 prim.
659 2081 705 2143 εμ.
729 2061 815 2140 Pol„
846 2061 940 2144 lenge
963 2061 1158 2142 prospioer03
1191 2065 1242 2137 27,
1266 2065 1297 2136 4,

149 2174 187 2229 4:
218 2161 422 2251 παρεκάλουν
443 2165 517 2241 τοὺς
534 2159 676 2242 Ῥοδίους
696 2165 779 2228 κατά
797 2213 829 2228 ..
858 2163 897 2228 τὸ
921 2163 1027 2249 παρὸν
1049 2157 1178 2249 ἡσυχίαν
1199 2158 1296 2245 άγειν,

149 2267 417 2355 ἀποθεωροῦντες
437 2269 476 2334 τὸ
498 2268 670 2355 γινόμενον.

114 2386 119 2400 “
236 2371 271 2459 4)
306 2371 598 2459 ἀποκρεμαννάναι,
634 2368 759 2455 ἑαυτόν,
794 2395 826 2440 se
856 2377 1061 2458 suspendere,
1095 2373 1187 2456 prim.
1217 2370 1301 2454 apud

148 2478 298 2556 Aristoi.;
324 2483 375 2558 33,
392 2483 420 2558 5,
436 2486 471 2543 2;
497 2473 543 2555 είς
557 2474 662 2563 κρίσιν
677 2476 791 2559 ἀχθεὶς
804 2475 952 2564 καλωδίῳ
965 2489 1028 2542 τῶν
1048 2475 1084 2542 έκ
1098 2486 1153 2562 τῆς
1168 2469 1302 2550 αὐλαίας

150 2578 498 2669 παραπεπετασμένων
520 2576 632 2648 ἑαυτὸν
655 2580 886 2671 ἀπεκρέμασεν.

238 2684 271 2771 5)
295 2683 520 2772 ἀπονήχεσθαι
550 2685 667 2772 (simpl.
699 2693 747 2754 est
775 2688 859 2754 verb.
889 2685 1002 2773 posi),
1032 2687 1123 2770 prim.
1155 2703 1202 2766 sp.
1232 2682 1301 2748 Pol.

150 2789 289 2876 (saepius
314 2811 360 2874 ap.
381 2790 494 2876 Prunp
520 2799 570 2872 16,
589 2800 619 2872 3,
639 2801 696 2858 14;
720 2790 753 2878 (ὁ
772 2789 822 2878 δέ)
845 2789 1025 2877 ἀπενήξατο
1044 2789 1128 2875 πρὸς
1149 2788 1205 2874 τὴν
1225 2784 1302 2851 ε’πι-

151 2899 337 2982 βοηθσῦσαν
360 2893 446 2980 αὐτῷ
467 2892 676 2982 τριημιολίαν.

196 3081 199 3090 1
240 2999 273 3086 6)
297 2999 572 3088 ἀφιππάζεσθαι,
596 3005 687 3085 μείω.
710 3023 756 3086 ep.
780 3002 864 3080 Por,
897 3001 917 3068 i.
941 3022 968 3086 q.
994 2997 1196 3086 ἀφιππεύειν
1218 2999 1303 3065 verb.

151 3105 436 3188 Xenophontem,
460 3105 657 3188 obequitare:
683 3114 733 3185 29,
752 3115 802 3186 17,
820 3111 856 3170 5:
880 3101 1116 3178 ἀποδειλιάσας
1137 3097 1183 3178 είς
1205 3098 1305 3164 πόλιν

152 3207 384 3297 ἀφιππάσατο.

238 3313 287 3378 his
312 3317 392 3380 addo
415 3335 452 3379 ex
476 3315 697 3398 decompositis

240 3415 274 3504 7)
298 3414 532 3506 ἀπεμφαίνειν,
560 3421 651 3504 prim.
675 3439 723 3503 ap.
745 3420 853 3504 Polyb.
886 3423 915 3504 5,
939 3427 990 3502 47,
1016 3425 1072 3482 1οε
1102 3413 1158 3480 καί
1183 3415 1242 3502 γάρ
1265 3413 1306 3477 ἀν

153 3522 233 3599 ὅλως
256 3519 426 3587 ἐπαινετὸν
448 3517 573 3611 ὑπάρχῃ
598 3524 682 3588 κατά
703 3524 759 3610 τίην
779 3519 902 3609 τέχνην,
926 3520 981 3608 τήν
1003 3544 1038 3607 χε
1058 3520 1222 3607 σύγκρισιν
1241 3528 1307 3581 τῶν

152 3627 284 3715 ἀφάχων
305 3629 374 3703 τοῖς
397 3623 555 3713 ἐμψύχοις
584 3625 673 3714 ἐνδεῆ
693 3625 748 3691 καί
770 3622 899 3702 τελείως
930 3621 1196 3713 ἀπεμφαίνουσαν
1219 3618 1307 3700 είκδς

151 3727 379 3819 προσπίπτειν
405 3733 474 3807 τοῖς
502 3727 698 3813 θεωμένοις,
730 3733 767 3796 de
792 3734 1040 3813 comparatione,
1068 3748 1147 3814 quoe
1170 3748 1232 3794 non
1255 3730 1306 3793 est

152 3837 279 3902 adrem
303 3839 393 3920 spis,
416 3856 479 3902 non
501 3837 697 3902 conveniens.
743 3835 788 3902 of.
811 3829 1036 3923 ἀντεμφαίνειν
1056 3855 1086 3920 μ.
1112 3841 1161 3900 20.

225 4024 251 4091 1)
272 4031 370 4077 θειοῦν
389 4039 433 4090 sp.
451 4022 540 4087 Pras..
559 4021 606 4076 sed
624 4039 687 4090 pro:
711 4022 764 4076 diis
787 4037 939 4075 consecrare
958 4019 1029 4090 slqd.
1054 4020 1119 4088 (τὴν
1137 4018 1307 4088 διανομήν);

155 4119 239 4166 θεοον
257 4112 336 4181 μείω.
355 4127 387 4166 en
405 4110 516 4166 Oenom.
536 4109 616 4181 (seeo.
636 4110 665 4165 Π
683 4127 708 4180 μ.
729 4109 818 4180 Chr),
838 4113 979 4180 praetereo
997 4123 1029 4162 ex
1046 4107 1144 4164 Jambl.
1162 4105 1283 4162 affertur.
