2900 4578
613 179 829 242 220...

235 353 282 418 En
306 348 526 433 (incompositis
549 347 630 413 adde

237 456 271 542 7)
300 447 582 519 ἀντοποστέλλεινε
613 459 664 529 21,
681 459 733 531 45,
751 457 809 518 22;
833 450 967 538 ὁμήρους
991 449 1027 516 δὲ
1052 446 1155 516 εἴκοσι
1178 451 1298 517 διδότω

37 568 45 630 f
150 554 325 640 Ἀντίοχος,
349 551 390 622 δι’
413 554 491 621 ἑτῶν
510 567 606 644 τριῶν
629 553 743 633 ἄλλους
763 549 1034 621 άνταποστέλλων
1057 557 1213 642 (priorum
1228 558 1298 625 Ιοσο

34 661 37 750 j
149 665 276 732 mittere
300 661 401 748 alios).

238 768 328 834 Adde
353 774 408 845 32,
429 772 463 842 5,
485 773 521 830 3:
544 764 563 851 ι)
585 764 756 852 σύγκλητος
777 764 833 829 τὸν
856 761 1014 852 στέφανον
1033 758 1217 845 ἀπεδέξατο
1233 820 1240 834 .
1258 821 1263 831 .
1280 818 1297 847 .,

32 875 33 878 ’
148 871 204 937 καὶ
222 872 265 936 τὰ
278 867 414 956 μέγιστα
431 879 494 932 τῶν
513 862 591 953 παρ>
609 867 688 955 αὐτῇ
705 865 916 950 νομιζομένων
932 868 1042 956 δώρων
1057 863 1298 936 άνταπέστειλε.

238 975 272 1062 8)
295 967 611 1060 ἀντιπορακεῖσθαι,
637 975 726 1056 prim.
749 994 795 1057 ep.
812 975 879 1041 Pol.
904 994 941 1054 „e
956 975 1084 1058 regione
1103 978 1199 1041 situm
1219 995 1298 1056 esse,

150 1082 329 1166 oppositum
352 1083 439 1144 esse“
468 1076 687 1164 (Schweigh.):
718 1085 748 1158 3,
770 1085 821 1158 37,
843 1086 876 1145 7;
907 1071 977 1164 ηδ’
1002 1075 1141 1166 Εὐρώπη
1166 1079 1299 1156 ταύταις

148 1179 349 1273 ἀμφοτέραις
378 1183 436 1268 (se.
458 1181 592 1268 χώραις,
625 1176 663 1246 αἳ
688 1182 743 1246 τὸν
772 1181 857 1269 πρὸς
884 1182 940 1270 την
966 1178 1165 1269 μεσημβρίαν
1194 1182 1297 1246 τόπον

149 1287 301 1368 ἐπέχουσι
322 1298 378 1373 τῆς
398 1279 475 1350 καθ’
499 1286 581 1373 ημᾶς
601 1284 766 1373 θαλάττης
787 1279 858 1350 ἀπὸ
880 1298 943 1350 τῶν
963 1281 1126 1352 ἀνατολῶν
1148 1286 1191 1364 ὡς
1212 1285 1296 1372 πρὸς

148 1393 207 1470 τὰς
221 1391 343 1477 δώσεις)
366 1390 409 1468 ὡς
430 1387 514 1476 πρὸς
534 1391 593 1468 τὰς
616 1389 749 1478 άρκτους
771 1384 1040 1476 ἀντιπαράκειται
1062 1392 1146 1456 κατὰ
1167 1390 1205 1455 τὸ
1221 1410 1295 1454 συν-

148 1493 216 1577 εχὲς
238 1494 308 1560 ἀπὸ
327 1507 390 1559 τῶν
411 1493 572 1560 ἀνατολῶν
594 1494 783 1582 παρήκουσα
803 1493 876 1583 άχρι
895 1496 980 1582 πρὸς
998 1496 1057 1573 τὰς
1080 1496 1203 1578 δύσεις,
1232 1498 1296 1580 iq.

150 1599 186 1680 ἐξ
206 1595 348 1666 ἐναντίου
369 1597 576 1685 παράκειται.

237 1706 273 1791 β)
297 1705 380 1790 apud
402 1705 570 1788 Polybium
592 1723 691 1770 unum
712 1705 745 1768 in
766 1725 826 1771 usu
849 1707 1031 1773 versantur:

239 1808 272 1896 1)
294 1802 590 1892 άντιμεταλλεοέιν1
621 1808 802 1889 „cuniculos
825 1811 934 1876 eontra
956 1815 1069 1894 egere“
1094 1808 1299 1898 (Schweigh.)

152 1925 180 1993 1,
203 1921 255 1993 42,
280 1922 319 1979 12
343 1912 396 2001 (ei.
418 1933 442 1979 S.
466 1906 706 1995 άντοικοδομεῖν
729 1935 758 1998 p.
777 1911 847 1999 19),
881 1922 930 1993 16,
948 1921 998 1993 31,
1023 1923 1058 1980 8:
1088 1923 1147 1978 τοῦ
1167 1907 1297 1996 άντιμε-

150 2017 312 2083 ταλλεάειν
333 2021 403 2096 τοῖς
423 2013 595 2102 πολεμίοις
617 2012 813 2104 ἀπέστησαν.

241 2122 274 2209 2)
295 2116 547 2209 ἀντιπυρσεώειν,
566 2123 724 2202 „vicissim
741 2126 814 2207 igne
829 2123 954 2208 signum
969 2123 1061 2190 da1·e“
1080 2120 1299 2208 (Schweigh.):

154 2237 184 2309 8,
201 2235 252 2306 30,
269 2235 302 2292 2:
324 2227 380 2292 τὸν
394 2225 452 2310 μὲν
470 2223 619 2312 Ἀννίβαν
641 2221 707 2292 ἔδει
729 2225 917 2315 συνάψαντα
936 2237 976 2315 τῇ
995 2225 1154 2294 πόλει...
1170 2221 1299 2313 ἀνάψαι

151 2341 217 2416 πῦρ
246 2328 303 2395 ἐπὶ
332 2341 391 2396 τοῦ
416 2330 522 2420 τάφου
544 2382 552 2396 .
573 2381 581 2396 .
604 2383 625 2414 .,
656 2331 730 2408 τοὺς
760 2329 796 2396 δὲ
825 2329 902 2417 περὶ
932 2331 987 2397 τὸν
1022 2329 1192 2418 Τραχικδν,
1225 2329 1301 2395 ὅταν

150 2429 247 2500 ἰ’δωσι
269 2445 364 2501 τοῦτο
387 2434 563 2521 γινόμενον,
589 2430 724 2501 ἔνδοθεν
745 2428 1006 2522 άνιιπυρσεῦσαι.

239 2543 286 2606 En
309 2541 531 2624 decomposiiis
551 2543 613 2607 huc
637 2543 798 2624 speciani:

241 2643 276 2730 3)
291 2637 547 2733 άντεμφαίνεινῖ,
565 2648 743 2712 adversari:
768 2653 818 2722 18,
836 2651 887 2722 28,
904 2651 959 2710 12:
975 2641 1054 2731 περὶ
1067 2643 1187 2709 τοάιων
1201 2637 1298 2728 άναχ-

152 2751 245 2813 καῖον
267 2743 303 2834 ἦν
325 2752 498 2834 προειπεῖν
517 2747 610 2836 χάριν
636 2758 695 2814 τοῦ
718 2745 815 2834 μηδὲν
838 2741 1064 2836 άντεμφαίνειν
1089 2752 1161 2826 ταῖς
1187 2743 1300 2834 ἡμετέ-

153 2875 225 2938 ραις
246 2844 465 2940 ἀποφάσεσιν.

242 2957 277 3044 4)
300 2949 594 3037 ἄντεπισκώπτειν,
628 2957 768 3023 vicissim
792 2958 935 3023 eeviHari
962 2977 1032 3023 eum
1057 2958 1160 3041 aliquo
1191 2954 1301 3037 [τινὰμ

155 3070 205 3142 18,
230 3070 259 3141 7,
283 3068 319 3127 5:
355 3059 373 3126 ὁ
403 3059 439 3126 δὲ
471 3057 566 3138 Τίτος
598 3059 655 3126 οὐκ
686 3055 792 3148 άηδώς
819 3058 878 3142 μὲν
909 3057 1001 3148 ἤκουε
1034 3071 1093 3126 τοῦ
1128 3057 1301 3124 Φιλίππου

151 3163 371 3246 χλευάζοντος·
394 3166 437 3252 μὴ
452 3163 644 3248 βουλόμενος
663 3162 699 3229 δὲ
713 3167 783 3241 τοῖς
798 3162 906 3243 άλλως
921 3165 1041 3246 δοκεῖν,
1066 3159 1300 3250 άντεπέσκωιμε

154 3270 210 3334 τὸν
236 3265 414 3336 Φίλιππον.

243 3514 270 3578 1)
288 3512 464 3580 μεταλλεύειν
481 3527 522 3580 ep.
541 3509 613 3564 Piae.
632 3511 697 3579 (pol.
717 3527 742 3579 p.
756 3510 850 3578 2881))
870 3513 911 3564 est
930 3526 994 3564 aera
1012 3525 1113 3564 eruere.

243 3599 271 3666 2)
291 3599 441 3669 ἐμφαίνειν
457 3600 507 3650 ati.
520 3613 609 3666 propr.
623 3600 652 3650 ei
667 3601 750 3651 trans.
772 3598 799 3651 vi
817 3600 964 3666 usurpatur
982 3599 1024 3664 (ἐν
1035 3598 1181 3667 κατόπτρῳ
1193 3600 1243 3652 ete.
1257 3613 1301 3664 ap.

155 3685 246 3752 Plan).
283 3685 325 3738 De
343 3684 462 3752 decemp.
482 3684 515 3738 cf.
534 3684 594 3738 adn.
615 3684 765 3752 Schweigh.
786 3683 864 3737 adh.
884 3684 901 3737 l.
921 3685 976 3752 (18,
994 3685 1036 3751 11,
1056 3684 1109 3755 12).
