2900 4578
604 183 822 240 ..1g...

138 361 200 416 τών
215 350 347 415 Κελτῶν
363 399 369 412 .
388 399 394 413 .
414 399 438 429 .,
462 346 536 413 τότε
560 346 616 412 οὐκ
635 347 812 436 ἐτόλμησαν
834 347 1056 435 ἀντεξαμαγεῖν
1072 345 1225 431 Ῥωμαῖοι
1248 347 1294 412 τὰ

139 452 345 540 στρατόπεδα
353 482 364 533 ,·
393 455 458 521 vim
487 455 619 519 intrans.
648 456 780 538 praebet
804 462 832 534 3,
858 463 909 536 66,
937 463 993 519 11:
1026 452 1152 530 οὐδενὸς
1176 450 1294 542 σφίσιν

139 557 363 644 ἀντεξάμοντος
384 555 730 645 κατεστρατοπέδευσε.

227 706 259 772 (λ
305 707 356 772 Ab
375 727 433 772 usu
454 706 620 772 atticorum
638 707 826 790 scriptorum
847 711 920 772 sunt
937 705 1073 788 diuersa,
1098 727 1291 791 quamquam

138 831 243 896 praep.
266 830 355 876 suam
378 811 474 876 habet
498 811 776 894 significationem:

226 930 260 1018 a)
284 929 498 1014 ἀντιβάλλειν,
523 933 605 1015 quod
629 933 677 996 est
697 951 745 1014 ap.
770 932 866 997 Thuc.
889 933 922 995 in
946 933 996 996 vol
1020 935 1129 998 contra
1152 933 1291 1016 aliquem

138 1039 282 1112 mittere3
313 1056 361 1120 ap.
385 1036 553 1119 Polybium
576 1036 747 1118 usurpatur
775 1036 813 1101 de
836 1035 951 1118 jaculis
975 1056 1053 1119 quac
1077 1037 1169 1102 modo
1192 1041 1293 1103 missa

138 1142 343 1206 remittuntur
365 1141 398 1204 in
422 1159 492 1204 eum
516 1141 570 1222 qui
592 1139 680 1204 misit
703 1159 755 1204 ea:
779 1147 808 1219 6,
827 1147 878 1218 22,
896 1146 932 1205 4:
958 1139 1040 1203 ὥστε
1063 1143 1131 1204 κατ’
1153 1138 1292 1227 ἀνάγκην

139 1241 262 1320 εὐθέως
284 1243 353 1308 ἀπὸ
375 1254 431 1330 της
450 1243 580 1329 πρώτης
600 1241 736 1328 ἐμβολῆς
755 1241 970 1324 κάμπτεσθαι
988 1241 1043 1308 καὶ
1063 1245 1106 1332 μι)
1126 1244 1291 1308 δύνασθαι

138 1349 213 1426 τοὺς
235 1344 410 1431 πολεμίους
432 1345 641 1430 ἀντιβάλλειν.

226 1469 261 1556 b)
283 1470 403 1536 ionicae
428 1469 478 1536 vel
500 1471 640 1552 poeticae
664 1469 813 1534 orationis
837 1471 927 1534 sunt:

229 1591 262 1676 1)
285 1589 426 1676 ἀπηχεῖν
441 1589 505 1676 (ap.
522 1590 644 1673 Eurip,
668 1589 821 1674 Callimp
847 1598 897 1670 21,
916 1597 967 1670 28,
986 1598 1018 1655 9:
1041 1587 1190 1676 ἀντήχοεν
1205 1591 1292 1676 πρὸς

138 1696 194 1761 τὸν
216 1693 307 1772 ἐκτὸς
329 1692 449 1782 ψόφον.

228 1817 262 1902 2)
285 1811 481 1895 ἀντιπαίειν,
506 1814 587 1898 quod
606 1815 742 1898 primum
763 1835 810 1897 ap.
826 1816 974 1899 Hippocr.
998 1817 1031 1880 iu
1051 1836 1111 1882 usu
1132 1818 1193 1892 est,
1217 1835 1291 1882 cum

140 1926 202 1988 not.
226 1921 407 1987 resistendi:
438 1927 492 1998 18,
516 1927 573 1999 46,
601 1925 657 1984 15:
688 1918 808 1982 τούτων
830 1916 866 1984 δὲ
888 1917 1039 2004 μέγιστον
1062 1913 1110 1983 ἔτι
1131 1919 1170 1983 τὸ
1191 1916 1292 2005 μηδὲν

143 2023 180 2090 ἐκ
215 2037 269 2111 της
306 2025 397 2111 τύχης
431 2023 624 2088 ἀντιπαῖσαι
660 2023 744 2109 πρὸς
775 2025 831 2110 τὴν
867 2021 1034 2109 ἐπιβολήν,
1074 2022 1140 2087 ἀλλ’
1178 2023 1293 2100 ἁπλῶς

141 2131 271 2193 ἅπαντα
293 2128 377 2214 πρὸς
400 2123 454 2192 ἕνα
476 2127 588 2212 καιρὸν
610 2125 786 2214 ἐκδραμεῖν.

230 2250 263 2338 3)
297 2249 474 2330 ἀντιπνεῖν,
511 2249 593 2333 apud
623 2251 784 2334 Phooplid.
820 2253 852 2317 et
882 2251 975 2334 Soph.
1009 2269 1044 2314 er
1081 2249 1293 2332 superioribus

142 2357 344 2440 scriptoribus
375 2373 542 2431 occureus;
579 2351 630 2434 25,
660 2362 689 2434 3,
719 2361 778 2420 20:
807 2352 918 2417 ὅτε..
950 2354 991 2416 col
1017 2364 1072 2440 της
1097 2338 1196 2440 τύχης
1216 2351 1292 2415 ἀντ-

141 2458 285 2540 έπνευσε,
304 2458 434 2523 πάντων
448 2457 664 2544 μετριώτατος
678 2453 742 2544 (ἦν)
757 2461 777 2523 i.
787 2481 811 2525 e.
828 2459 953 2524 fortuna
966 2459 1114 2536 adversa3
1140 2458 1293 2537 „reflante

140 2567 285 2632 fortuna“
310 2562 512 2648 (Schweigh.)

230 2685 265 2771 4)
288 2683 474 2770 ἀντισηιοῦν
484 2687 505 2765 ¹,
529 2704 575 2766 ap.
593 2685 741 2769 Aeschyl.
758 2685 790 2748 et
806 2684 927 2767 λασίης
949 2703 1093 2767 pensare,
1117 2683 1292 2766 ponderare

142 2791 260 2873 aliquid
290 2789 394 2872 aliqua
424 2808 475 2851 re:
508 2796 558 2866 29,
583 2795 634 2866 22,
659 2795 691 2850 2:
726 2783 815 2874 ἳκανι)
838 2788 858 2873 ι)
879 2786 954 2872 τύχη
982 2789 1051 2862 τοῖς
1077 2787 1170 2872 παρὰ
1198 2785 1293 2872 λόγον

141 2895 183 2959 τά
204 2893 287 2958 κατά
309 2891 404 2978 λόγον
433 2889 609 2978 ἐπιτρῖψαι
615 2942 623 2972 ,
654 2890 713 2955 κάν
736 2915 801 2955 τινι
824 2891 996 2978 σονεργηση
1023 2888 1078 2954 καὶ
1101 2894 1293 2977 προσθηται

142 3000 197 3086 τὴν
225 2998 319 3084 αὑτῆς
349 2996 459 3083 ῥοπήν,
492 2992 590 3073 αὖθις
619 2985 686 3061 οἷον
716 2993 751 3060 ἐκ
781 2991 990 3078 μεταμελείας
1020 2993 1207 3082 ἀντισηιοῦν
1236 2993 1292 3058 καὶ

142 3099 357 3183 λυμαίνεσθαι
379 3103 421 3165 τοὶ
435 3100 676 3186 κατορθώματα
699 3100 790 3186 παρά
811 3100 926 3176 πόδας.

231 3225 264 3306 5)
287 3222 488 3311 ἀντιφωνεῖν,
521 3243 568 3307 ap.
592 3224 729 3306 tragicos
752 3223 921 3299 usitatum;
950 3222 1154 3305 respondere:
1186 3228 1216 3301 8,
1241 3229 1292 3298 18,

144 3337 202 3394 11:
233 3324 287 3390 ἐὰν
306 3326 565 3413 προσδεξάμενος
586 3326 641 3412 τὴν
662 3323 816 3412 ἐπιβολὴν
837 3319 966 3405 Ἀχαιὸς
996 3322 1196 3412 ἀντιφωνήση
1223 3325 1293 3398 τοῖς

142 3428 221 3518 περὶ
244 3429 427 3512 Νικόμαχον
434 3461 444 3511 ,·
468 3439 496 3512 8,
520 3439 569 3512 19,
593 3437 629 3497 8;
660 3427 873 3517 ἀντεφώνησε,
897 3426 952 3492 καὶ
973 3439 1169 3514 παραχρῆμα
1191 3424 1293 3489 πάλιν

144 3532 310 3622 ἐξέπεμψε
333 3535 389 3600 τὸν
413 3529 562 3621 Ἀριανόν
584 3537 643 3600 etc.

232 3656 263 3742 c)
286 3675 304 3720 a
326 3656 551 3722 recentioribus
575 3660 650 3720 suut
672 3654 808 3718 formata

232 3777 267 3864 α)
305 3779 338 3842 et
371 3782 495 3860 praeter
529 3778 697 3859 Polybium
732 3778 814 3860 apud
852 3777 930 3839 alios
967 3793 1089 3856 quoque
1124 3773 1292 3854 scriptores

145 3883 284 3948 exstant:

234 4124 260 4190 1)
279 4138 333 4175 uon
351 4122 380 4176 iu
398 4121 451 4175 lex.
471 4119 621 4188 Schweigh.
