2900 4578
620 179 838 236 *37-

241 345 275 431 3)
298 339 523 428 διεμπίπτειν,
557 345 710 423 incidere,
744 346 782 425 „i.
805 367 833 430 q.
863 341 1060 428 ε’μπίπτειν“
1094 345 1306 432 (Schweigh.).

154 459 205 536 38,
223 460 251 528 7,
272 459 306 516 4:
334 449 451 514 λαθεῖν
480 445 528 525 εἰς
553 448 609 536 τὴν
635 448 720 535 πρὸς
743 443 921 533 Ῥωμαίους
950 448 1140 538 άλλιότρρτα
1168 449 1306 532 διεμπε-

153 551 275 630 σδντας.
325 553 417 618 Adde
441 561 470 630 8,
493 560 543 631 28,
566 561 607 631 5,.
631 553 685 617 ubi
708 555 748 618 nb
771 554 918 619 Huiisch.
943 575 980 619 ex
1004 553 1092 620 codd.
1122 557 1304 620 restitutum

154 662 219 735 esi,
256 659 308 742 qui
343 653 588 720 διαπιπτόντων
621 656 767 724 tradunt:
802 658 854 722 ίνα
874 707 881 722 .
903 709 937 725 ..
973 653 1095 740 οἱμὲν
1125 655 1306 744 ὑποχείριοι

153 757 290 848 γίνοιντο
313 773 376 824 τῶν
398 758 670 843 διεμπιπτδντων
714 762 783 825 Διὰ
812 764 937 846 praeter
966 765 1190 830 necessitatem
1219 764 1307 831 addit

154 864 359 952 ,ίγίιιδίιεριι
366 866 483 951 ,bins
484 865 529 934 11¹¹
553 868 604 930 vel
627 868 713 944 sim„
735 867 826 931 utin
850 865 977 946 διεξικν.
1000 869 1058 933 etc.

240 1019 276 1084 Β.
322 1021 433 1102 Preep
458 1018 514 1082 διὰ
533 1038 590 1102 pre
614 1019 675 1085 alia
697 1021 800 1085 ernist

241 1136 274 1225 a)
296 1139 330 1204 in
351 1139 532 1221 compositis
557 1139 662 1204 atticis

240 1259 298 1346 αα)
321 1281 393 1326 cum
416 1281 479 1326 une
500 1281 605 1345 praep.
630 1262 806 1346 conjunctis
828 1261 878 1326 his

243 1380 533 1468 1)διακαριερεῖν,
567 1402 614 1465 ep
644 1385 700 1448 eit.
726 1383 827 1449 absol.
850 1385 1036 1466 usurpatum
1066 1387 1117 1450 vel
1144 1404 1170 1448 ο.
1201 1403 1306 1466 praep.

153 1487 300 1572 conjunct
300 1506 372 1550 um:
400 1484 484 1572 πρός
506 1491 622 1554 vecie.
674 1488 734 1572 Ap.
756 1487 825 1553 Pol.
850 1508 922 1554 cum
944 1508 1007 1554 acc.
1032 1489 1211 1573 copulatur,
1235 1509 1307 1572 per-

153 1591 235 1658 ferre
259 1590 394 1673 aliquid,
433 1594 541 1656 ecdem
563 1591 656 1658 medo
680 1612 741 1676 quo
765 1591 1094 1679 ε111ο.ἐγκαρτερεῖν;
1133 1600 1307 1677 37,10,;4

152 1693 208 1780 τὴν
230 1691 372 1757 ἐπὶτῶν
394 1694 509 1758 ἵππων
530 1693 761 1760 κακοπάθειαν
784 1746 839 1761 ...
865 1708 998 1776 συνεχῶς
1020 1695 1245 1783 διακαρτερῶν.

242 1815 275 1898 2)
298 1814 448 1880 διαπνεῖν
473 1837 530 1899 pre
550 1813 719 1943 μίναπνεῖν,
751 1838 784 1884 se
808 1817 952 1884 reficere:
984 1823 1157 1902 31,15,1;
1189 1815 1308 1880 διαπε-

152 1916 363 1996 πνεακάιες
347 1942 383 1984 εκ
403 1931 459 2006 τῆς
481 1917 559 2006 περὶ
582 1918 695 1998 αιτοὺς
714 1919 881 2008 γενομένης
903 1917 1143 2008 δυσχερείας.

244 2037 515 2126 3)διασκει·άζειν
536 2063 592 2126 pro
614 2041 863 2122 κατασκευάζειν
885 2046 936 2109 vel
958 2039 1224 2128 παρασκευάζειν,
1249 2043 1308 2108 ali·

153 2127 227 2227 quid
250 2164 377 2228 parare:
410 2153 459 2230 15,
477 2155 527 2231 27,
549 2155 585 2212 2;
616 2144 701 2224 τινὲς
726 2147 769 2211 τὰ
798 2143 882 2232 πρὸς
911 2147 970 2224 τοὶς
1000 2141 1201 2231 βασάνους
1191 2141 1309 2232 όργανα

153 2246 364 2329 διεοκεάαζον
413 2256 463 2334 15,
481 2259 532 2335 28,
550 2259 586 2316 2:
609 2251 666 2327 τὰς
688 2250 773 2337 πρὸς
795 2249 933 2336 ἀνάγκας
954 2245 1073 2338 ’όργανα
1096 2249 1307 2331 διεσκεάαζον.

152 2353 223 2418 Act.
248 2355 340 2436 huJ'us
366 2354 453 2420 verbi
482 2375 528 2438 pr.
551 2375 597 2438 ap.
622 2356 706 2433 Pol.;
739 2359 821 2422 med.
845 2375 878 2421 se
903 2375 1014 2438 parare
1038 2359 1089 2421 vel
1113 2356 1175 2422 sibi
1196 2375 1307 2438 perere

153 2458 251 2522 eiiam
273 2477 321 2541 ap.
345 2461 415 2539 nid,
444 2465 480 2524 ui
503 2479 552 2544 ep.
575 2459 644 2527 Pol.
669 2479 800 2543 quoque.

240 2579 274 2664 4)
298 2575 493 2667 διατρέπειν,
516 2581 719 2663 periurbcre,
743 2579 904 2647 dehortari
928 2582 1001 2658 eie,
1027 2601 1082 2665 pro
1106 2577 1308 2667 ἀποτρέπειν

152 2681 321 2749 atticorum
353 2686 512 2766 scriptor:
546 2693 574 2769 2,
592 2692 644 2768 47,
661 2691 695 2748 8;
727 2680 842 2772 ἤμελλε
966 2683 1040 2760 τοὺς
1072 2684 1213 2760 πολλοὺς
1245 2695 1309 2747 τῶν

143 2781 282 2866 Ἀχαιῶν
305 2784 503 2874 διατρέψειν.
550 2796 578 2872 5,
595 2796 624 2872 4,
643 2795 697 2852 10:
720 2785 895 2875 διέτρεψαν
913 2785 1055 2875 (αὐτοὺς)
1077 2798 1135 2852 τοῦ
1154 2789 1197 2876 μὴ
1219 2787 1308 2852 τελε-

153 2903 342 2978 σιοοργῇσαι
363 2892 419 2978 τὴν
440 2891 625 2979 κατάληψιν
646 2903 702 2979 τῆς
723 2891 858 2968 πόλεως.
911 2899 939 2977 5,
959 2901 1084 2976 63,11;
1117 2888 1310 2978 διατραπείς

153 2991 307 3082 ἀσφαλῶς
328 2978 508 3082 ἐποιήσατο
529 2997 585 3083 τὴν
607 2994 830 3082 άποχώρησιν;
853 2997 1024 3080 multisque
1049 3000 1120 3062 aliis
1143 2998 1230 3064 loeis.

241 3115 275 3203 5)
298 3114 528 3203 διεργάζεσθαι
559 3115 655 3203 (apud
686 3117 820 3196 Herod,
860 3123 955 3204 trag„
988 3120 1069 3184 Prae.
1100 3118 1220 3204 delere)
1251 3139 1307 3202 pre

152 3219 423 3306 κατεργάζεσθαι,
447 3222 613 3306 perficere,
638 3243 683 3305 ap.
698 3223 767 3289 Pel.
791 3227 977 3306 usurpatur:
1002 3230 1032 3308 4,
1049 3230 1100 3306 22,
1119 3231 1154 3286 1;
1174 3230 1309 3286 τοιαῦτα

154 3320 408 3408 διεργασάμενοι.
455 3335 484 3410 3,
502 3335 552 3410 73,
570 3334 605 3391 7;
628 3325 735 3390 πολλὰ
756 3323 813 3390 καί
834 3327 919 3390 κακά
941 3324 1166 3411 διειργάζοιτο.
1218 3326 1309 3391 Adde

155 3434 205 3511 14,
223 3434 252 3512 5,
270 3435 329 3494 15:
362 3430 492 3494 πολλῶν
524 3427 579 3494 καί
609 3431 713 3494 καλῶν
738 3428 1002 3516 διειργασμένον.
1062 3439 1113 3515 31,
1134 3440 1184 3514 20,
1204 3437 1240 3496 5;
1273 3427 1309 3493 οὐ

155 3533 377 3613 σονεπιοχιίειν
398 3537 468 3611 τοῖς
490 3585 520 3600 ..
544 3520 679 3598 τοιαίπα
698 3532 970 3621 διεργασαμένοις.

240 3668 276 3756 d)
301 3689 337 3736 ex
362 3670 582 3756 decompositis
605 3673 656 3739 hie
680 3672 889 3739 exhibendum
912 3675 961 3738 esi

240 3789 490 3878 διανίστασθαι,
511 3795 578 3878 jem
599 3814 646 3876 ep.
663 3795 795 3871 Thue.¹;
825 3815 873 3878 ep.
894 3794 962 3861 Pel.
978 3797 1145 3880 praecipue
1162 3814 1217 3877 pro
1235 3815 1309 3878 pro-

154 3916 298 3982 rumpere
322 3920 359 3964 οε
380 3900 503 3966 insidiis
534 3900 704 3984 reperitur,
735 3901 817 3982 quod
842 3900 899 3966 ast.
933 3897 1094 3985 (Thucyd.
1118 3900 1151 3963 ei
1175 3898 1230 3984 al.)
1261 3902 1310 3963 esi

240 4124 267 4192 1)
288 4123 398 4188 4‚128:
429 4131 484 4180 τῶν
515 4124 673 4196 ἀναγκαίων
708 4123 858 4196 ξυμφόρων
892 4123 1045 4184 διαναστὰς
1081 4122 1222 4194 ἔπρασσεν
1256 4120 1310 4192 ὅτῳ
