2900 4578
621 216 835 272 ..27„.

149 381 323 464 κάμνοντες
344 379 403 470 ἤδη
423 385 492 459 τοῖς
518 377 633 459 πόνοις
655 381 711 446 διδ
740 383 794 469 τὴν
815 380 974 462 συνέχειαν
998 395 1061 447 τῶν
1082 385 1232 449 κινδύνων
1254 382 1301 462 είς

149 483 243 564 τέλος
265 486 434 574 ἀπήλχουν.
489 497 517 567 1,
536 493 586 567 35,
604 493 640 552 5;
670 487 729 564 τάς
750 484 968 575 ἀπηλχρκυίας
989 489 1095 575 ψυχάς
1116 501 1179 553 τῶν
1206 489 1300 556 δυνά-

150 613 237 672 μεων
255 589 312 656 ἐπὶ
335 592 373 656 τὸ
394 594 537 678 κρεῖττον
559 588 672 679 ἤγαγεν
694 595 753 658 eto.

243 696 276 780 2)
296 693 550 782 ἀντερείδεσθαι,
581 696 860 762 familiarissimum
883 698 1015 780 Polybio
1038 699 1186 776 verbum3
1220 699 1301 784 apud

151 799 236 864 Plat.
254 801 440 865 neutraliter
455 802 575 866 exstat:
599 801 657 866 niti
671 800 777 884 aliqua
792 820 835 880 re,
858 804 894 866 ut
918 803 1012 868 etiam
1036 821 1084 885 ap.
1101 803 1226 885 Polyb.;
1250 803 1305 869 sed

152 903 255 968 mult-o
280 907 404 987 saepius
434 925 483 988 ap.
507 907 590 970 hune
617 907 715 972 trans.
743 925 767 970 e.
796 905 828 970 vi
851 907 1018 971 adhibetur
1043 925 1099 989 pro
1129 909 1248 989 aliquid
1269 909 1302 972 in

153 1008 291 1090 aliquem
320 1011 475 1089 conferre,
505 1029 620 1092 ponere
648 1010 681 1074 in
708 1010 828 1093 aliquo:
860 1017 1050 1096 3‚107‚8:
1081 1009 1165 1097 πρὸς
1189 1017 1302 1074 τούτου

153 1107 393 1196 ἀπερείδεσθαι
414 1114 472 1189 τὰς
494 1109 651 1190 πλείστας
673 1109 825 1193 ἐλπίδας,·
848 1115 912 1180 alia
934 1118 981 1180 est
1001 1118 1159 1184 structura
1181 1117 1214 1180 in
1234 1115 1301 1180 rell.

152 1236 191 1282 ex
215 1217 325 1282 insert.
346 1218 415 1282 libr.
445 1225 486 1283 27
520 1217 581 1304 (ed.
610 1219 756 1285 Hultseh.
784 1217 950 1305 p.1372):
986 1214 1045 1282 ἐπί
1062 1242 1134 1282 τινα
1155 1218 1305 1306 τοιαύτην

152 1316 347 1385 ἐλπίδα...
372 1319 574 1408 ἀπηρείσατο
596 1323 651 1410 τὴν
674 1320 850 1388 ἐνεστῶσαν
873 1319 1023 1409 ἀπορίαν.
1063 1323 1107 1390 Ut
1130 1343 1202 1388 eum
1225 1344 1302 1389 voee

152 1421 275 1489 ἐλπίδα
301 1427 347 1490 ita
370 1429 552 1510 saepissime
576 1446 696 1510 quoque
721 1447 792 1493 oum
816 1447 901 1494 voce.
925 1425 1033 1515 ἀρχίμ,
1068 1425 1181 1514 ὁρμήν,
1211 1425 1303 1512 χάριν

153 1529 362 1612 conjungitur,
387 1532 588 1613 sequentibus
610 1551 737 1615 praepp.
761 1527 821 1612 είς,
852 1528 910 1594 ἐπὶ
933 1535 1008 1608 ete.;
1038 1532 1126 1598 velut
1151 1541 1178 1610 1,
1196 1539 1247 1612 69,
1269 1539 1302 1597 7:

152 1629 381 1718 ἀπερείσονται
398 1635 499 1722 ..τὴν
521 1632 603 1719 ύπέρ
625 1631 752 1699 ἐκείνων
775 1632 868 1723 ἀρχὴν
890 1631 936 1712 εἰς
958 1633 1087 1717 αύτούς,
1111 1640 1131 1702 i.
1148 1658 1171 1703 e.
1196 1637 1302 1702 odium

153 1739 259 1803 ineos
282 1737 485 1822 profundent;
508 1745 540 1806 et
563 1741 639 1804 alibi
661 1741 807 1806 similiter
830 1760 931 1824 saepe.

242 1843 274 1922 3)
296 1836 450 1906 ἀπολύειν
473 1845 556 1910 verb.
581 1865 628 1927 ap.
647 1846 752 1928 script.
777 1847 831 1910 att.
850 1865 874 1910 ο.
897 1866 928 1910 n.
953 1845 1111 1924 solvendi,
1134 1843 1302 1922 liberandi3

155 1966 204 2029 ap.
220 1946 330 2032 Polyb.
353 1948 443 2012 notat
466 1949 562 2013 etiam
585 1949 687 2029 abire,
712 1949 888 2029 discedere,
914 1951 945 2014 et
967 1950 1000 2014 in
1024 1951 1084 2013 aet.
1110 1953 1141 2014 et
1163 1951 1197 2012 in
1220 1949 1302 2013 med.

154 2050 251 2136 (quod
274 2055 457 2134 plerumque
479 2053 525 2116 ita
548 2051 713 2138 sumitur):
746 2060 918 2132 11,16,6;
950 2049 986 2115 ἐκ
1014 2048 1304 2137 παρατεταγμένων

154 2152 312 2219 ἀπολύσει
320 2187 330 2236 ,·
362 2159 455 2236 „aeie
484 2157 638 2221 instructa
662 2177 695 2222 se
724 2160 888 2240 recipere“
922 2158 1017 2222 vertit
1052 2157 1303 2240 Schweighaeus.

154 2267 184 2340 2,
202 2267 252 2340 34,
272 2269 326 2324 12:
357 2257 578 2342 ἀπολυομένου
601 2258 699 2324 αύτοῶ
725 2259 826 2324 πάλιν
847 2255 894 2337 εἰς
909 2261 980 2337 τὰς
1002 2255 1153 2347 Ἀχέρρας
1159 2289 1171 2342 ,·
1200 2263 1232 2326 et
1281 2263 1302 2326 l.

153 2383 262 2447 saepe3
286 2365 325 2429 ef.
348 2362 493 2448 ἀναλύειν
515 2387 544 2448 p.
563 2373 612 2429 14.

242 2485 314 2550 Vim
337 2488 537 2552 transitivum
560 2489 599 2552 ab
620 2488 724 2552 atticis
748 2487 885 2552 alienam
909 2505 945 2550 ex
966 2491 1055 2570 parte
1075 2486 1208 2552 habent:

242 2606 276 2692 4)
302 2604 509 2671 ἀποδειλιάνε
540 2614 569 2687 5,
587 2615 637 2686 84,
656 2614 691 2672 5:
719 2609 760 2670 τά
788 2605 825 2671 δὲ
854 2608 995 2671 πλεῖστα
1021 2617 1084 2670 τῶν
1112 2656 1149 2670 ..
1180 2600 1304 2692 θηρίων

153 2706 326 2774 ἀπεδειλία
348 2712 404 2798 τὴν
425 2709 534 2799 μάχην.
581 2719 631 2792 35,
649 2720 679 2792 4,
697 2721 732 2777 3:
754 2721 815 2777 τοῦ
836 2708 1029 2797 Μαρκέλλου
1052 2709 1304 2786 ἀποδειλιῶντος

152 2814 209 2878 τὸν
231 2813 382 2896 πόλεμον.
430 2817 519 2882 Adde
544 2824 595 2899 35,
614 2826 642 2898 3,
660 2825 697 2881 4:
721 2813 935 2905 (νομίσαντες)
956 2817 1011 2881 τδν
1026 2815 1201 2904 στρατηγὸν
1216 2811 1303 2878 ἀπο-

154 2917 277 2982 δειλιῶν
301 2919 357 2983 τὸν
378 2918 529 3002 πόλεμον.
581 2921 683 2986 Attici
710 2921 818 2987 dieunt
847 2919 1040 2985 ἀποδειλιᾶν
1062 2915 1095 2984 ἐν
1117 2943 1198 3002 τινι,
1220 2919 1304 3006 πρός

152 3046 203 3103 τι,
227 3023 279 3088 vel
301 3023 384 3088 nude
405 3021 492 3101 τινάς
515 3023 613 3111 (quod
636 3026 732 3091 otiam
754 3025 887 3112 Polyb).
992 3039 995 3044 “

244 3127 276 3212 5)
298 3127 486 3216 ἀποληρεῖν,
510 3150 546 3194 ex
566 3130 723 3212 prioribus
747 3132 853 3215 seript.
874 3151 936 3197 uno
959 3131 1042 3194 Denr
1060 3130 1154 3194 loeo1
1176 3150 1200 3196 e.
1225 3129 1304 3194 deli-

152 3231 244 3296 randi
267 3236 393 3300 notione
416 3235 618 3317 usurpatum3
647 3255 695 3317 ap.
719 3235 827 3318 Polyb.
852 3240 900 3301 est
925 3285 941 3314 ‚,
953 3237 1117 3318 negando,
1141 3233 1303 3300 delirando

154 3336 292 3418 aliquem
322 3343 491 3422 superare“
522 3337 745 3424 (Schweigh.):
779 3346 829 3420 34,
847 3348 876 3418 6,
895 3347 948 3402 14;
981 3348 1053 3414 πῶς
1076 3334 1132 3400 oda
1158 3336 1196 3400 ἀν
1217 3331 1303 3400 εἰκά-

152 3461 217 3514 τως
247 3439 368 3519 δόξειεν
397 3440 649 3528 ὑπερβεβηκέναι
677 3441 734 3508 καί
763 3439 1032 3530 ἀπολεληριμέναι
1061 3441 1116 3506 τὸν
1140 3491 1171 3506 ..
1197 3435 1303 3504 Ἀντι-

152 3541 269 3630 ww

244 3665 277 3749 b)
303 3665 394 3730 Verb.
417 3668 521 3733 ioniea
543 3667 594 3733 vel
616 3669 739 3750 poetica
762 3671 835 3734 sunt

244 3785 277 3871 1)
298 3784 524 3872 a'rpdblteoduo:
558 3797 608 3868 10,
631 3797 682 3868 48,
711 3795 744 3852 5:
777 3787 1034 3874 παραγενόμενος
1067 3787 1101 3875 (ὁ
1122 3780 1229 3874 Ὄξος)
1258 3785 1305 3867 είς

153 3890 209 3978 τὴν
231 3883 347 3975 ἔρημον
370 3887 428 3954 ἐπί
456 3915 545 3968 τινας
567 3888 689 3978 πέτρας
716 3890 910 3979 ἀπορρῶγας
939 3889 1057 3971 ἐξωθεῖ
1078 3893 1117 3956 τὸ
1140 3899 1239 3978 ῥεῦμα
1266 3903 1305 3981 τῇ

226 4127 425 4198 omna
