2900 4578
611 160 828 216 ..25-

234 332 268 417 6)
291 326 546 410 ἀποσχεάιάζειν,
578 335 698 393 temere
720 327 806 410 loqui
830 326 867 390 de
889 327 994 410 alique
1015 346 1062 404 re,
1092 327 1181 409 prim.
1210 325 1294 407 apud

137 437 293 512 Aristot.;
332 443 382 514 12,
405 441 434 514 3,
459 441 494 498 7:
522 429 678 517 καθάπερ
709 427 745 494 δὲ
773 426 829 493 καὶ
858 426 935 517 περὶ
964 440 1027 493 τῶν
1055 429 1138 493 κατὰ
1164 427 1294 515 Λιβύην

139 535 384 620 ἀπεσχεδίακεν.
430 538 490 620 Ap.
511 537 592 602 Plar.
613 536 659 600 ita
680 537 782 618 simpl.

233 644 267 731 7)
290 637 492 732 ἀφοστερεῖν,
515 641 606 725 prim.
629 659 677 722 ep.
701 640 769 704 Pol.
792 637 835 726 [et
857 638 1118 724 Ps.-Hippoer.]:
1145 649 1173 718 1,
1190 644 1240 716 52,
1257 645 1293 703 8:

140 747 239 826 αὐτὸς
261 746 294 813 ἒν
313 750 385 823 ταῖς
404 744 620 832 Συρακούσαις
640 739 777 826 ὑπέμενε
783 793 791 824 ,
822 743 896 820 τοὺς
917 743 1001 806 κατά
1029 742 1131 806 πλοῦν
1153 736 1294 831 ἀφυστε-

140 862 275 940 ροῦντας
298 850 401 938 ἀκτῆς
423 849 595 937 Μεσσήνης
617 842 845 931 ἀναδεχόμενος
866 851 885 914 i.
910 871 935 914 e.
960 851 1143 932 exspectans
1166 865 1218 912 eos
1242 847 1295 931 qui

141 957 245 1024 serius
268 955 376 1041 (quem
403 953 483 1041 ipse)
507 955 708 1020 advenerunt.
771 960 822 1033 21,
840 960 891 1032 22,
908 960 944 1017 2ε
985 945 1237 1048 ἀφυστεροῦντας
1259 947 1296 1015 δέ

140 1085 231 1139 τινος
251 1072 314 1126 τῶν
336 1064 541 1146 πρεσβευτῶν
564 1059 640 1145 (τῶν
658 1052 803 1144 Ῥοδίων)
826 1052 1068 1130 εἰσεκαλέσαντο
1096 1056 1171 1132 τοὺς
1190 1059 1294 1142 Σμυρ-

140 1161 268 1247 ναίους,
293 1187 363 1232 eum
384 1166 579 1248 intempore
603 1182 665 1229 non
688 1163 819 1228 adesset.
864 1161 932 1226 Art.
955 1164 1001 1227 ita
1024 1161 1126 1244 simpl.

231 1290 267 1374 β)
291 1289 371 1372 apud
394 1285 562 1371 Polybium
592 1283 694 1351 solum
723 1285 848 1349 exstent
877 1283 1050 1365 composita
1071 1283 1164 1366 hujus
1197 1302 1293 1366 gene·

142 1395 187 1460 ris
210 1395 304 1458 haee:

234 1497 267 1580 1)
290 1494 557 1560 ἀποάινοῦσθαιε
584 1501 612 1573 1,
630 1499 682 1573 75,
700 1500 735 1558 8:
759 1489 986 1578 σονάεωρήσας
1006 1489 1089 1554 κατά
1111 1513 1200 1567 τινας
1221 1487 1293 1555 ἀνέ-

143 1625 213 1686 μων
231 1599 361 1677 στάσεις
381 1597 641 1680 ἀποάινοάμενον
662 1597 700 1662 τὸ
725 1595 830 1679 στόμα
852 1595 928 1682 (τοῦ
948 1595 1132 1682 ποταμοῦ),
1162 1614 1294 1676 „arenae

143 1727 259 1793 aggere
282 1706 403 1790 oppleri
411 1709 427 1740 ‘⁴
452 1701 673 1789 (Schweigh.).

234 1809 267 1896 2)
290 1807 531 1894 ἀπολοιάορεῖνι
562 1814 613 1888 15,
631 1815 682 1888 33,
699 1816 735 1872 4:
765 1817 828 1870 τῶν
851 1803 1053 1871 ἀκουσάντων
1075 1801 1106 1870 οὶ
1129 1802 1187 1888 μὲν
1209 1802 1292 1868 ἀπε-

143 1913 311 2000 λοιάόρουν
330 1911 438 1994 αάιόν,
464 1908 495 1977 οὶ
516 1909 552 1976 δὲ
572 1911 786 1997 πραώθουν,1
1030 1965 1031 1970 ,

234 2020 269 2106 3)
294 2017 498 2103 ἀποτραγεῖν,
525 2038 658 2102 „agmen
682 2017 853 2083 οΙοοάεεοιι
876 2015 1097 2101 (Schweigh.):
1121 2023 1220 2095 3,49‚
1239 2023 1294 2080 13:

144 2123 373 2212 ἀπο-οραγήσας
400 2123 482 2205 μετὰ
507 2133 563 2209 τῆς
585 2119 742 2210 σφετέρας
768 2119 929 2204 δυνάμεως
957 2119 1087 2208 ἀσφαλῆ
1115 2120 1294 2207 παρεσκεύ-

146 2249 205 2294 ασε
228 2230 283 2316 τὴν
305 2224 414 2293 ἀίοάον
437 2226 553 2304 αὐτοῖς,
609 2235 638 2306 3,
656 2235 708 2306 47,
727 2234 759 2290 1;
791 2223 1040 2308 ἀναλαβὼν
1070 2224 1143 2301 τοὺς
1171 2223 1297 2301 ἵππους

143 2345 269 2421 προῆγε
306 2333 433 2409 τούτοις
469 2331 662 2418 ἀπουρογων
771 2381 778 2395 .
840 2337 869 2411 5,
888 2339 917 2411 7,
936 2340 993 2395 11;
1031 2328 1297 2414 ἀποοραγοάντων

144 2437 232 2524 αὐτῷ
264 2449 326 2502 των
355 2442 509 2530 ΙΚρητων;
544 2437 634 2502 simil.
671 2443 699 2516 5,
717 2446 768 2519 23,
788 2444 838 2501 10.
882 2443 910 2515 6,
931 2443 982 2516 40,
1000 2444 1028 2502 7.
1084 2435 1172 2500 Idem
1206 2436 1298 2499 notat

147 2542 292 2630 οάραγεῖν
315 2552 345 2623 4,
365 2551 415 2624 11,
432 2550 459 2608 6.

234 2720 269 2784 B.
315 2718 496 2801 Composita
518 2717 550 2782 in
571 2719 683 2800 quibus
704 2714 773 2780 ἀπὸ
795 2735 898 2800 praep.
921 2734 977 2800 pro
1000 2715 1062 2780 alia
1085 2716 1151 2780 exst
1172 2716 1195 2779 t.

234 2841 267 2924 a)
289 2841 336 2904 Ex
358 2839 463 2903 attieis
486 2840 535 2904 his
559 2839 830 2902 annumerandum
853 2857 922 2903 esse
946 2838 1089 2904 existimo

279 2955 492 3044 ἀπαγγέλλειν
514 2978 587 3022 eum
613 2955 756 3039 πόλεμον
778 2976 854 3023 voce
878 2959 1038 3042 junctum,
1073 2957 1191 3022 bellum
1215 2957 1299 3022 indi·

146 3084 231 3142 οεεε,
256 3065 337 3146 quod
358 3063 475 3146 legitur
499 3069 593 3142 3‚10,
609 3072 643 3126 1:
662 3057 826 3144 Ῥωμαίων
910 3059 1171 3147 ἀπαγγειλάντων
1190 3059 1299 3139 αὐτοῖς

147 3166 292 3250 πόλεμον
409 3163 455 3244 εἰς
484 3175 551 3230 πάν
572 3164 835 3252 συγκατέβαινον,
876 3165 1157 3251 ὑπολαμβάνοντες
1186 3167 1300 3242 αὑτοὺς

147 3272 287 3358 νικήσειν
309 3274 377 3348 τοῖς
398 3266 551 3351 δικαίοις,
581 3293 638 3356 pro
662 3268 869 3358 ἐπαγγέλλειν
891 3271 1042 3354 πόλεμον.

236 3392 269 3479 b)
294 3413 330 3458 ex
353 3411 451 3477 comp.
476 3393 629 3478 antiquis,
653 3412 715 3458 non
738 3394 842 3460 atticis
864 3397 926 3460 hue
949 3396 1094 3478 spectant

238 3513 271 3600 1)
294 3508 499 3599 ἀπαρτίζειν,
531 3513 628 3579 etiam
657 3533 704 3596 ap.
737 3513 902 3597 Hippone,
936 3533 1127 3597 quamquam
1156 3514 1189 3579 in
1218 3533 1298 3597 pass.

147 3637 261 3702 genere
280 3617 333 3683 vel
355 3618 488 3683 intrans.
512 3637 537 3684 ο.
560 3622 624 3682 not.
677 3616 736 3701 Ap.
759 3619 856 3682 Thue.
881 3619 913 3683 et
936 3618 993 3699 ελ,
1021 3621 1131 3685 eadem
1154 3620 1219 3684 fere
1241 3637 1299 3684 110-

220 3855 246 3921 1)
264 3853 380 3908 casaub.
400 3853 588 3924 ἒπιλοιάορεῖν
605 3869 686 3917 corr,
705 3853 777 3922 quod
795 3854 824 3907 in
843 3854 936 3924 Steph.
955 3855 1071 3908 thesaur.
1091 3856 1232 3924 probatur;
1252 3857 1300 3910 sed

149 3940 199 3992 hoe
216 3955 321 4009 quoque
340 3956 456 4008 compos.
470 3935 522 3994 ἀει.
542 3955 573 3993 ex
591 3940 673 3994 schol.
693 3941 764 3995 Prar.
777 3941 889 3995 Axieehi
908 3942 1038 3997 subditivi
1058 3945 1086 3996 ευ
1104 3941 1177 3996 Suid.
1196 3943 1299 4012 profer-

148 4029 201 4079 tur.
237 4027 294 4080 Aet.
311 4027 389 4095 juxte
407 4025 477 4081 verb.
496 4026 648 4097 λοιδορεῖν,
667 4027 738 4095 qued
757 4028 838 4097 vulgo
857 4030 958 4096 exstat,
976 4031 1019 4097 ap.
1037 4029 1114 4082 Dem.
1135 4030 1174 4098 (et
1190 4029 1300 4100 Herod.)

151 4112 232 4167 etiam
251 4113 493 4183 ἀιαλοιάορεῑσυαι
511 4114 608 4184 (med.)
624 4113 765 4183 reperitur.
