2900 4578
608 173 822 228 „22-

140 363 195 416 τος
217 338 302 425 αὐτῷ
323 351 382 404 τοῦ
401 336 519 422 ταμίου
548 340 639 426 γνοδνς
659 339 715 426 τήν
743 349 798 426 τῆς
827 339 999 427 συγκλήτου
1029 335 1220 426 προαίρεσιν
1242 335 1290 417 εἷς

138 441 229 520 τέλος
260 442 520 531 ἀπεσιώπησεν,
546 442 673 520 οὐδενὸς
706 443 812 531 φήσας
849 444 1092 532 προσδεῖσθαι,·
1128 446 1289 510 notionem

138 550 236 632 igitur
265 551 391 614 tentum
420 549 544 614 tacendi
572 551 678 614 habet.
733 549 823 614 Adde
855 553 909 624 15,
935 556 990 628 29,
1016 557 1071 614 10:
1103 545 1137 612 ai
1167 545 1291 612 πολλοὶ

137 662 200 715 τῶν
226 663 380 736 γυναικῶν
409 649 508 739 ἡδέως
540 651 661 736 ὁρῶσαι
688 651 744 740 τήν
771 647 954 733 δυσθυμίαν
987 649 1043 716 καὶ
1072 650 1287 738 περικόκησιν

139 753 235 841 αὐτῆς
256 755 466 821 ἀπεσιεόπων.
523 764 572 835 18,
597 765 626 836 4,
654 766 686 820 1:
716 758 803 819 ταῦτ’
827 752 929 820 εἰπὼν
950 755 1189 842 ἀπεσιώπησεν.
1238 765 1289 839 18,

144 869 173 938 7,
197 869 234 924 2;
260 854 371 924 τοῦδ
397 858 710 946 ἀποσαοπήσαντος,Ι
733 859 848 925 ibidem
871 881 951 926 vers,
974 869 1006 925 6:
1031 859 1049 923 ό
1070 857 1105 925 δὲ
1128 859 1292 924 Μακεδὼν

138 962 377 1046 ὑπομειδιάσας
413 963 585 1051 σαρδάνιον
615 963 838 1050 ἀπεσιώπησε.
895 973 948 1045 18,
973 973 1027 1045 34,
1053 973 1085 1030 3:
1120 962 1198 1048 περὶ
1226 975 1290 1027 τῶν

137 1079 252 1132 κοινῶν
266 1067 453 1135 ἀπεσιώπα.
495 1078 544 1149 18,
562 1077 612 1153 38,
631 1078 666 1134 3:
688 1067 809 1132 τοίτων
832 1066 868 1133 δὲ
884 1065 1046 1156 ῥηθέντων
1070 1065 1100 1133 οὶ
1117 1066 1174 1150 μὲν
1196 1065 1289 1132 ἄλλοι

139 1171 259 1250 πάντες
291 1171 541 1260 ἀπεσιώπησαν,
578 1173 595 1238 ὁ
625 1171 662 1238 δὲ
679 1227 685 1240 .
792 1182 845 1253 18,
874 1180 929 1249 51,
960 1183 992 1239 1:
1027 1173 1112 1236 ταῦτ’
1144 1169 1291 1249 εἰπόντες

139 1276 386 1364 ἀπεσιώπησαν.
431 1285 551 1358 23,14,
573 1287 629 1344 11:
653 1277 736 1342 ὥστε
758 1279 801 1364 μή
824 1277 920 1358 μόνον
939 1278 1185 1364 καταπλαγῆναι
1203 1276 1289 1340 πόν-

139 1406 209 1464 τας,
234 1379 392 1446 ἀλλὰκαὶ
414 1381 470 1446 τὸν
492 1380 667 1469 ζητήσοντα
689 1382 745 1446 τὸν
766 1381 860 1467 λόγον
879 1381 1127 1470 ἀποσιωπῆσαι.
1164 1390 1215 1462 31,
1237 1391 1289 1462 19,

141 1495 176 1552 6:
200 1485 371 1572 συννοήσας
392 1485 430 1550 τὸ
452 1485 690 1571 λεγόμενον...
714 1485 955 1572 ἀπεσιώπησεν.

229 1603 429 1668 ἀποσιωπᾶν
439 1629 486 1686 τι,
504 1609 636 1672 reticere
649 1609 781 1690 aliquid:
807 1615 857 1684 32,
876 1615 925 1686 21,
946 1613 979 1671 9;
1004 1604 1072 1670 όδὲ
1089 1661 1094 1671 .
1113 1661 1119 1670 .
1138 1661 1143 1673 .
1168 1604 1290 1686 ἀναχω-

117 1707 238 1802 ρήσας
259 1708 379 1796 ταύτην
395 1710 451 1797 τήν
473 1708 649 1796 ἀπόκρισιν
671 1709 885 1798 ἀπεσιώπησε
909 1715 967 1778 ete.

229 1830 263 1917 5)
294 1829 506 1916 ἀποχρῆσθαι
516 1836 538 1911 ¹,
573 1833 616 1910 „i.
641 1852 669 1914 q.
698 1836 879 1919 χρῆσθαι“,
911 1835 1015 1898 adnot.
1041 1831 1229 1915 Schweigh.:
1262 1839 1290 1908 1,

142 1941 201 2013 45,
235 1942 270 1998 2:
314 1933 507 2017 βουλόμενος
541 1932 704 2021 ἀκεραίοις
740 1935 995 2023 ἀποχρήσασθαι
1026 1938 1099 2011 ταῖς
1135 1929 1292 2018 ἑκατέρων

142 2037 263 2124 ὁρμαῖς.
307 2048 336 2120 3,
362 2047 413 2116 70,
438 2047 456 2104 9
487 2040 589 2107 idem:
620 2036 727 2104 θέλων
750 2091 757 2105 .
781 2095 787 2108 .
811 2092 817 2104 .
846 2037 1009 2125 ἀκεραίοις
1037 2038 1292 2126 ἀποχρήσασθαι

139 2146 211 2219 ταῖς
231 2155 294 2206 τῶν
318 2144 448 2207 Κελτῶν
470 2143 592 2229 όρμαῖς.
639 2145 729 2210 Adde
763 2153 813 2226 15,
838 2151 888 2226 25,
919 2154 975 2209 11:
1006 2138 1091 2227 (ἔσχε
1115 2143 1293 2230 πρόθεσιν)

140 2246 351 2334 ἀποχρῆσθαι
365 2250 434 2324 τοῖς
450 2247 708 2335 ξενολογηθεῖσιν
722 2245 769 2326 εἰς
782 2249 838 2314 τόν
860 2248 944 2335 πρὸς
965 2242 1127 2327 Ἀντίοχον
1141 2245 1293 2329 πόλεμον.

229 2370 263 2454 b)
290 2369 471 2452 Composita
494 2371 675 2454 hujusmodi
696 2373 839 2455 entique,
863 2392 925 2437 non
949 2373 1046 2437 attice
1069 2371 1159 2436 sunt:

230 2489 277 2576 1),
297 2487 547 2575 ἀπαναγιάζειν,
586 2512 623 2556 ex
658 2493 869 2576 superioribus
904 2492 1009 2575 script.
1045 2511 1094 2572 ap.
1124 2490 1292 2574 Hippeer'

142 2595 303 2659 usitatum.
350 2602 379 2673 4,
396 2603 447 2674 46,
466 2603 502 2662 ὃς
525 2607 588 2658 τῶν
610 2593 646 2660 δὲ
667 2591 829 2660 πλείστων
851 2594 1156 2682 παρολιγωροόντων
1176 2586 1290 2671 ἐνεχεί-

141 2717 240 2782 ρησαν
271 2695 578 2782 ἀπαναγκασθὲντες
607 2698 875 2785 παραγωγιόζειν.
922 2700 1013 2765 Adde
1035 2704 1064 2776 5,
1089 2706 1140 2774 24,
1166 2707 1201 2762 1:
1232 2693 1291 2783 ήδη

140 2810 195 2886 της
217 2801 302 2886 ὥρας
331 2803 536 2888 συναγούσης,
568 2801 871 2889 ἀπαναγκαζόμενος
897 2801 995 2867 αὐτοῦ
1024 2800 1291 2886 στρατοπεδεύειν

143 2903 221 2992 περὶ
244 2907 300 2993 τήν
323 2903 358 2970 ἐκ
377 2919 440 2971 τῶν
461 2919 577 2971 στενῶν
599 2902 710 2987 ἔξοδον
732 2906 885 2994 ἐχρήσατο
908 2902 1172 2993 στρατοπεδείᾳ.3

230 3147 257 3212 1)
277 3145 381 3200 duobus
406 3163 511 3215 queque
532 3145 615 3200 Thue.
633 3147 699 3200 loeis
724 3147 807 3210 6,17
832 3149 859 3200 et
882 3148 906 3210 1,
925 3147 961 3200 42
987 3162 1035 3214 pro
1058 3145 1227 3198 vehementer
1250 3143 1292 3196 uti

142 3233 253 3298 citatur,
278 3236 309 3285 ut
332 3249 422 3302 praep.
448 3225 577 3302 majorem
601 3233 655 3286 vim
680 3233 837 3296 retinuerit;
868 3247 899 3285 ex
917 3232 974 3285 Pel.
995 3233 1044 3285 loe.
1069 3230 1225 3300 hujusmodi
1249 3233 1291 3283 est

142 3323 184 3388 18,
203 3322 245 3387 15,
265 3321 295 3374 9:
313 3329 436 3390 χρῶνται
454 3321 507 3391 μὲν
525 3321 580 3390 γὰρ
598 3325 658 3379 τοῖς
681 3320 832 3390 προδόταις
850 3322 878 3369 οἱ
896 3321 1083 3388 στρατηγοὶ..
1103 3318 1151 3370 διά
1170 3318 1202 3370 τὸ
1221 3331 1291 3386 σομ-

143 3411 241 3478 φέρον·
266 3406 332 3460 ὅταν
355 3425 387 3476 γε
410 3408 466 3478 μὴν
488 3408 713 3477 ἀποχρήσωνται,
741 3413 864 3476 χρῶνται
887 3407 988 3460 λοιπὸν
1011 3407 1047 3464 ὡς
1071 3405 1228 3474 προδόταις,
1257 3435 1290 3443 -

142 3495 191 3564 Ap.
210 3495 287 3546 Dem.
307 3511 332 3562 p.
348 3494 411 3558 555,
431 3495 463 3548 21
484 3495 535 3548 hoe
553 3510 637 3564 comp.
657 3495 712 3547 est:
733 3492 817 3548 abuti.

231 3583 258 3648 2)
278 3581 399 3649 p.192c
420 3582 477 3649 (ubi
495 3596 665 3652 προσαναγκ.
684 3583 712 3633 et
730 3581 867 3649 ἀπαναγκ.
888 3595 979 3649 oppos.
999 3580 1073 3647 sunt)
1094 3583 1144 3632 etc.

231 3670 258 3736 3)
277 3668 365 3736 priore
383 3670 441 3722 Ιοεο
458 3669 532 3725 codd.
552 3671 661 3737 excepte
680 3668 712 3731 Ο,
738 3667 784 3736 qui
802 3669 933 3736 ἐπαναγκ.
952 3685 968 3720 a
986 3666 1136 3735 Schweigh.
1155 3666 1291 3734 receptum

143 3757 239 3819 tradit,
263 3755 292 3808 in
312 3756 449 3825 ἀπαυαγκ.
470 3756 655 3822 consentiunt,
679 3755 750 3824 quod
769 3754 893 3808 Hultseh.
914 3754 1050 3814 restituit;
1074 3755 1160 3807 altero
1180 3751 1249 3804 idem
1270 3749 1291 3803 C

144 3842 268 3896 aeeteris
282 3842 428 3910 discrepat,
448 3858 508 3895 cum
527 3842 652 3902 ἅπαντας
665 3843 759 3912 ἀναγκ.
773 3840 881 3902 tradet,
900 3842 996 3904 ceteri,
1016 3855 1128 3909 quorum
1141 3839 1169 3891 in
1181 3851 1291 3891 numero

146 3932 187 3982 est
209 3929 327 3996 optimus
345 3927 382 3995 A,
409 3927 486 3982 ἅπαν
508 3930 602 3999 ἀναγκ.
626 3930 786 3998 praebeant;
814 3928 912 3988 αὐτοὺς
935 3943 1028 3982 omnes
1049 3927 1164 3989 habent3
1189 3940 1242 3993 que
1263 3940 1292 3976 re

145 4015 267 4070 Hulteeh.
287 4019 358 4070 reete
377 4032 443 4071 eorr.
463 4017 600 4085 ἀπαναγκ.
619 4019 723 4069 etcum
739 4015 830 4070 Reisk.
848 4017 938 4068 αὐτοῦ.
968 4015 1012 4069 An
1030 4015 1155 4073 ἅπαντας
1173 4014 1293 4080 ἀναγκα-

148 4105 259 4174 ζόμενος
284 4105 382 4163 αὐτοὺς
407 4103 636 4175 στρατοπεδεύειν
663 4107 753 4156 noster
780 4103 860 4167 dixit,
891 4103 952 4156 eoll.
973 4103 1088 4170 Appiae.
1113 4100 1186 4154 civil.
1204 4100 1234 4162 3,
1258 4097 1292 4151 45
