2900 4578
637 179 876 237 -23—-

262 349 295 432 2)
322 347 518 434 ἀποδηλοῦν,
553 348 749 432 „significare
779 347 891 413 alieui“
924 347 1114 431 Schweigh.:
1147 353 1201 425 15,
1226 355 1260 426 4,
1285 355 1320 412 3:

169 451 256 536 πρὸς
278 450 524 538 Μασσανάσσην
547 449 750 532 διεπέμπετο
774 462 920 531 συνεχῶς,
946 449 1117 536 όποόηλῶν
1142 447 1229 536 αὐτῷ
1250 447 1322 514 τίνα

168 554 295 641 τρόπον
317 553 582 641 παραβεβηιότες
610 546 673 620 εἶεν
704 551 735 620 oi
768 551 915 631 Φοίνικες
944 555 1002 630 τὰς
1032 553 1185 632 σπονδάς.
1231 552 1321 620 Adde

173 668 228 737 18,
262 667 311 738 19,
344 669 376 724 7:
414 657 534 740 ταχέως
562 653 725 741 ἔπεμπον,
762 657 997 745 ἄποόηλοῦντες
1036 655 1214 746 ἀμφότεροι
1249 660 1318 735 ταῖς

172 761 306 850 ἡγεμόσι
326 764 364 828 τὸ
385 763 571 848 γεγονὸς...
595 765 755 830 Usitatum
780 769 827 830 est
850 766 909 828 hoo
933 781 1068 846 oompos.
1093 783 1141 846 ap.
1163 763 1321 848 Hippone,

172 867 319 953 Aesehpl.
345 864 516 955 (Aristotb

262 972 295 1058 3)
318 969 560 1060 ἄπονορυφονν;
585 993 633 1056 ap.
652 973 803 1038 Herodot.
828 973 961 1038 vertitur
984 973 1091 1056 paucis
1115 971 1321 1056 respondere;

173 1095 222 1159 ap.
245 1078 311 1141 Pol.
343 1079 445 1143 exstat
469 1085 502 1162 3,
527 1085 583 1162 49,
611 1085 645 1142 6:
676 1061 695 1164 ᾗ
718 1074 775 1158 μὲν
803 1077 863 1162 γὰρ
891 1060 1114 1163 όῬοόανὸςῇ
1143 1069 1174 1140 δ’
1196 1070 1322 1162 Ἱσάρας

173 1178 500 1264 προσαγορευόμενος,
527 1177 679 1268 ῥέποντες
700 1173 778 1264 παρ’
801 1175 953 1266 ἑκατέραν
975 1180 1030 1265 τὴν
1052 1178 1207 1265 πλευρόν,
1234 1177 1320 1245 ἀπο-

172 1293 366 1370 νορυφοῦσιν
387 1283 483 1371 αὐτῆς
505 1291 571 1371 [τῆς
594 1285 713 1370 Νήσου]
737 1283 775 1348 τὸ
798 1295 902 1371 σχῆμα
923 1284 1007 1348 κατὰ
1032 1284 1088 1370 τὴν
1114 1283 1198 1371 πρὸς
1224 1282 1320 1370 όλλή-

172 1385 246 1462 λους
280 1387 482 1470 σόμπτωσιν,
526 1389 701 1473 Sehweigh.
744 1390 972 1472 interpretante
1011 1389 1214 1472 „fastigatum
1254 1391 1321 1473 ejus

172 1490 492 1574 liguram1·eddunt“‚
516 1495 598 1577 quod
620 1494 704 1558 idem
727 1493 831 1576 simpl.
855 1493 985 1558 verbum
1009 1493 1185 1576 significare
1205 1495 1321 1577 posset,

173 1595 200 1658 si
222 1595 371 1678 Polybius
403 1599 462 1662 hoo
494 1596 543 1661 edi
571 1599 732 1663 voluisset.
778 1596 872 1680 Apud
903 1602 1013 1679 poetes
1043 1597 1167 1679 quidem
1198 1602 1321 1663 veteres

173 1699 274 1781 simpl.
298 1700 331 1764 iu
352 1700 453 1766 medio
476 1719 589 1784 genere
612 1702 782 1784 usurpetur
805 1700 918 1766 notens
941 1700 1086 1783 fastigsri
1108 1700 1214 1784 (Hom.
1235 1701 1320 1780 Ilias,

172 1801 279 1888 Pind.)

261 1909 296 1993 4)
318 1908 401 1973 idem
426 1909 593 1974 dicendum
612 1911 662 1975 est
687 1909 723 1974 de
747 1910 842 1975 verbo
863 1906 1047 1988 ἀποξύνειν,
1072 1928 1120 1990 ep.
1136 1910 1321 1992 Euripidem

174 2013 368 2079 occurentes
408 2023 436 2092 1,
453 2022 504 2091 22,
520 2022 554 2078 7:
578 2011 636 2078 ἐπὶ
650 2023 708 2077 τοῦ
718 2011 858 2100 πέρατος
874 2011 972 2077 αὐτοῦ
985 2011 1214 2099 προσήρμοστο
1230 2013 1322 2100 σιδη-

174 2124 247 2199 ροῦν
269 2105 337 2181 οἷον
367 2116 486 2204 όπερον
511 2111 741 2200 αἰπιοξυσμένον
762 2169 769 2182 .
790 2169 796 2180 .
817 2167 854 2183 ..
887 2125 941 2195 18,
967 2125 1023 2195 18,
1048 2125 1104 2183 13:
1135 2117 1322 2206 φιλοπόνως

172 2211 411 2302 ἆπωξομμένων
444 2233 506 2286 τῶν
540 2233 689 2308 κεραιῶν,
733 2239 830 2305 „quos
865 2221 1032 2307 (ramulos)
1065 2241 1180 2306 magno
1216 2223 1320 2290 studio

171 2327 283 2391 oureut
304 2327 341 2390 ut
363 2326 426 2390 siut
450 2329 631 2410 praeacuti“
657 2327 830 2409 Schweigh.
853 2328 965 2404 vertit3
991 2321 1109 2404 ὀξύνειν
1131 2329 1218 2392 satis.

260 2445 293 2530 5)
324 2440 549 2533 ἀφησυχόζειν,
579 2449 755 2530 quiescere,
786 2467 848 2514 non
871 2449 994 2531 ingredi
1016 2447 1172 2534 (aliquid).
1218 2456 1247 2528 2,
1270 2456 1321 2528 64,

174 2555 209 2613 5:
232 2544 262 2613 εἰ
285 2543 315 2613 d³
342 2547 491 2632 ἐμμείνας
512 2555 581 2628 τοῖς
606 2551 774 2637 λογισμοῖς
795 2545 1010 2640 ἆφησυχόζοι,
1040 2550 1323 2638 καταπληξόμενος

171 2653 245 2730 τοὺς
271 2651 552 2732 ὑπεναντίους...
582 2653 725 2739 ὑπέλαβε
747 2655 957 2743 ποιήσασθαι
979 2657 1035 2742 τὴν
1058 2649 1254 2744 ἀναχώρησιν
1276 2652 1322 2734 εἰς

171 2758 227 2844 τὴν
257 2753 403 2826 οἰνιείαν.8
453 2763 523 2826 Hoo
554 2781 653 2844 semp.
685 2761 802 2846 legitur
830 2763 863 2826 in
894 2763 1043 2846 Hippoor.
1074 2760 1209 2848 (epist.);
1239 2763 1323 2848 apud

173 2864 268 2928 Thus.
290 2865 457 2948 praecipue
482 2885 573 2948 saepe
597 2867 731 2950 simplex
753 2887 781 2931 v.
806 2871 981 2948 usurpatur.

260 2983 291 3071 o)
328 2985 378 3051 Ab
416 2987 552 3069 antiquis
594 2987 798 3069 scriptoribus
837 2990 910 3052 sunt
948 2987 1049 3054 aliena
1089 2988 1261 3072 oomposita
1295 3009 1323 3054 v.

172 3087 266 3154 haee:

260 3209 295 3294 α)
317 3213 349 3274 iu
371 3211 506 3277 aliorum
529 3231 651 3297 quoque
675 3212 885 3280 recentiorum
909 3214 1033 3297 seriptis
1055 3214 1258 3278 inveniuntur

261 3331 295 3416 1)
318 3329 536 3419 όποόηριονν,
561 3335 843 3401 familiarissimum
867 3337 975 3400 nostro
999 3337 1144 3420 verbum,
1176 3354 1247 3402 eum
1266 3353 1323 3399 no·

173 3438 259 3500 tione
293 3437 460 3502 efferendi:
504 3448 531 3520 1,
549 3444 601 3519 67,
620 3447 653 3504 6:
696 3437 733 3503 οὐ
767 3439 827 3524 γὰρ
860 3428 928 3504 οἷον
961 3435 1152 3526 ἀνθρωπίνη
1180 3441 1323 3526 χρῆσθαι

175 3593 430 3604 ——---—......

174 3676 235 3743 [τήν
263 3679 324 3742 ἴλην
342 3717 372 3727 ..
402 3677 668 3747 στρατοπεδεύσας],
698 3675 769 3744 quod
795 3691 856 3729 eum
884 3677 962 3744 parte
988 3677 1095 3746 quidem
1119 3678 1265 3740 exereitus,
1293 3679 1325 3729 ut

173 3760 293 3827 ridetur,
319 3762 463 3831 Philippus
490 3763 617 3833 progredi
641 3764 760 3830 volebat,
788 3763 835 3817 sed
860 3766 939 3818 noete
962 3765 1158 3819 interveniente
1182 3766 1239 3818 toto
1264 3779 1323 3818 oum

173 3865 261 3904 exere.
281 3865 419 3903 remanere
439 3849 608 3919 negebatur?
739 3920 742 3925 ι

263 3937 289 4002 1)
314 3935 364 4004 Ap.
384 3937 447 3990 Eur.
467 3938 538 4006 Cyel.
562 3938 614 3994 456
636 3939 686 3992 hoe
709 3953 794 4008 oomp.
820 3937 928 3992 exsistit
952 3939 981 3992 in
1003 3939 1122 4008 deeomp.
1147 3941 1325 4000 ἐξαποξύνειν

175 4025 267 4094 osen
285 4025 438 4095 territent-

262 4111 291 4178 2)
311 4110 341 4164 C.
360 4128 405 4166 un.
425 4113 542 4181 ἐφησοχ.
563 4111 660 4182 hebet,
680 4112 751 4181 quod
768 4111 918 4180 Schweigh.
937 4112 993 4180 legi
1012 4113 1125 4168 volebat.
