<?xml version="1.0" encoding="UTF-8"?>
<!DOCTYPE html PUBLIC "-//W3C//DTD XHTML 1.0 Transitional//EN"
    "http://www.w3.org/TR/xhtml1/DTD/xhtml1-transitional.dtd">
<html xmlns="http://www.w3.org/1999/xhtml" xml:lang="en" lang="en">
 <head>
  <title>
</title>
<meta http-equiv="Content-Type" content="text/html;charset=utf-8" />
  <meta name='ocr-system' content='tesseract 3.04.00' />
  <meta name='ocr-capabilities' content='ocr_page ocr_carea ocr_par ocr_line ocrx_word'/>
</head>
<body>
  <div class='ocr_page' id='page_1' title='image "./deverbiscumprae00mollgoog_0021.png"; bbox 0 0 2900 4578; ppageno 0'>
   <div class='ocr_carea' id='block_1_1' title="bbox 620 206 837 263">
    <p class='ocr_par' dir='ltr' id='par_1_1' title="bbox 620 206 837 263">
     <span class='ocr_line' id='line_1_1' title="bbox 620 206 837 263; baseline 0.018 -19"><span class='ocrx_word' id='word_1_1' title='bbox 620 206 837 263; x_wconf 66' lang='lat'>..15-</span> 
     </span>
    </p>
   </div>
   <div class='ocr_carea' id='block_1_2' title="bbox 152 373 1304 3495">
    <p class='ocr_par' dir='ltr' id='par_1_2' title="bbox 240 373 724 457">
     <span class='ocr_line' id='line_1_2' title="bbox 240 373 724 457; baseline 0.002 -18"><span class='ocrx_word' id='word_1_2' title='bbox 240 374 313 440; x_wconf 88' lang='lat' dir='ltr'>Huo</span> <span class='ocrx_word' id='word_1_3' title='bbox 335 373 533 439; x_wconf 78' lang='lat' dir='ltr'>referundum</span> <span class='ocrx_word' id='word_1_4' title='bbox 558 393 625 440; x_wconf 80' lang='lat' dir='ltr'>ossa</span> <span class='ocrx_word' id='word_1_5' title='bbox 647 375 724 457; x_wconf 82' lang='lat' dir='ltr'>puio</span> 
     </span>
    </p>

    <p class='ocr_par' dir='ltr' id='par_1_3' title="bbox 152 475 1303 1087">
     <span class='ocr_line' id='line_1_3' title="bbox 242 475 1303 566; baseline -0.001 -23"><span class='ocrx_word' id='word_1_6' title='bbox 242 477 275 566; x_wconf 86' lang='lat'>3)</span> <span class='ocrx_word' id='word_1_7' title='bbox 299 475 542 562; x_wconf 75' lang='grc' dir='ltr'><em>ἀντιπαράγειν,</em></span> <span class='ocrx_word' id='word_1_8' title='bbox 566 479 648 562; x_wconf 91' lang='lat' dir='ltr'>quod</span> <span class='ocrx_word' id='word_1_9' title='bbox 670 497 732 544; x_wconf 92' lang='lat' dir='ltr'>uno</span> <span class='ocrx_word' id='word_1_10' title='bbox 752 479 831 544; x_wconf 87' lang='lat' dir='ltr'>Xon.</span> <span class='ocrx_word' id='word_1_11' title='bbox 852 480 943 545; x_wconf 86' lang='lat' dir='ltr'>looo1</span> <span class='ocrx_word' id='word_1_12' title='bbox 966 481 1038 544; x_wconf 80' lang='lat' dir='ltr'>anto</span> <span class='ocrx_word' id='word_1_13' title='bbox 1059 479 1168 563; x_wconf 86' lang='lat' dir='ltr'><strong>Polyb.</strong></span> <span class='ocrx_word' id='word_1_14' title='bbox 1192 497 1303 545; x_wconf 84' lang='lat' dir='ltr'>ooaur-</span> 
     </span>
     <span class='ocr_line' id='line_1_4' title="bbox 153 583 1302 668; baseline -0.002 -18"><span class='ocrx_word' id='word_1_15' title='bbox 153 587 212 668; x_wconf 82' lang='lat' dir='ltr'>rii,</span> <span class='ocrx_word' id='word_1_16' title='bbox 243 604 314 650; x_wconf 86' lang='lat' dir='ltr'>oum</span> <span class='ocrx_word' id='word_1_17' title='bbox 339 603 386 666; x_wconf 86' lang='lat' dir='ltr'>ap.</span> <span class='ocrx_word' id='word_1_18' title='bbox 409 585 493 647; x_wconf 87' lang='lat' dir='ltr'>huno</span> <span class='ocrx_word' id='word_1_19' title='bbox 516 583 727 667; x_wconf 79' lang='lat' dir='ltr'>compluribus</span> <span class='ocrx_word' id='word_1_20' title='bbox 757 585 837 649; x_wconf 81' lang='lat' dir='ltr'>locis</span> <span class='ocrx_word' id='word_1_21' title='bbox 865 585 1006 668; x_wconf 67' lang='lat' dir='ltr'>lagadun</span> <span class='ocrx_word' id='word_1_22' title='bbox 1038 583 1134 650; x_wconf 90' lang='lat' dir='ltr'>absol.</span> <span class='ocrx_word' id='word_1_23' title='bbox 1162 585 1302 666; x_wconf 80' lang='lat' dir='ltr'>positum</span> 
     </span>
     <span class='ocr_line' id='line_1_5' title="bbox 154 682 1300 774; baseline -0.003 -20"><span class='ocrx_word' id='word_1_24' title='bbox 154 693 202 754; x_wconf 83' lang='lat' dir='ltr'>esi</span> <span class='ocrx_word' id='word_1_25' title='bbox 227 697 254 766; x_wconf 88' lang='lat'>1,</span> <span class='ocrx_word' id='word_1_26' title='bbox 278 695 328 765; x_wconf 86' lang='lat'>84,</span> <span class='ocrx_word' id='word_1_27' title='bbox 351 693 389 753; x_wconf 91' lang='lat'>4:</span> <span class='ocrx_word' id='word_1_28' title='bbox 411 687 561 774; x_wconf 80' lang='grc' dir='ltr'><em>ὥρμησαν</em></span> <span class='ocrx_word' id='word_1_29' title='bbox 583 684 814 774; x_wconf 77' lang='grc' dir='ltr'><em>ἀντιπαράγειν</em></span> <span class='ocrx_word' id='word_1_30' title='bbox 834 684 867 750; x_wconf 76' lang='grc' dir='ltr'><em>ἐν</em></span> <span class='ocrx_word' id='word_1_31' title='bbox 885 689 954 763; x_wconf 82' lang='grc' dir='ltr'><em>τοῖς</em></span> <span class='ocrx_word' id='word_1_32' title='bbox 975 682 1156 771; x_wconf 71' lang='grc' dir='ltr'><em>ὑπαίθροις</em></span> <span class='ocrx_word' id='word_1_33' title='bbox 1162 711 1170 763; x_wconf 84' lang='grc'>;</span> <span class='ocrx_word' id='word_1_34' title='bbox 1194 707 1219 754; x_wconf 91' lang='lat' dir='ltr'>o.</span> <span class='ocrx_word' id='word_1_35' title='bbox 1237 689 1300 752; x_wconf 83' lang='lat' dir='ltr'>dai.</span> 
     </span>
     <span class='ocr_line' id='line_1_6' title="bbox 152 787 1301 877; baseline -0.003 -19"><span class='ocrx_word' id='word_1_36' title='bbox 152 812 249 876; x_wconf 82' lang='lat' dir='ltr'>pora:</span> <span class='ocrx_word' id='word_1_37' title='bbox 290 799 326 870; x_wconf 88' lang='lat'>3,</span> <span class='ocrx_word' id='word_1_38' title='bbox 356 798 413 871; x_wconf 83' lang='lat'>90,</span> <span class='ocrx_word' id='word_1_39' title='bbox 443 799 478 855; x_wconf 90' lang='lat'>1:</span> <span class='ocrx_word' id='word_1_40' title='bbox 516 787 711 877; x_wconf 72' lang='grc' dir='ltr'><em>ἀντιπαρῆγεν</em></span> <span class='ocrx_word' id='word_1_41' title='bbox 741 793 810 867; x_wconf 85' lang='grc' dir='ltr'><em>τοῖς</em></span> <span class='ocrx_word' id='word_1_42' title='bbox 838 787 1009 874; x_wconf 81' lang='grc' dir='ltr'><em>πολεμίοις</em></span> <span class='ocrx_word' id='word_1_43' title='bbox 1037 788 1089 854; x_wconf 82' lang='grc' dir='ltr'><em>ἀεὶ</em></span> <span class='ocrx_word' id='word_1_44' title='bbox 1124 791 1175 876; x_wconf 87' lang='lat' dir='ltr'>(da</span> <span class='ocrx_word' id='word_1_45' title='bbox 1203 791 1301 855; x_wconf 84' lang='lat' dir='ltr'>Fabio</span> 
     </span>
     <span class='ocr_line' id='line_1_7' title="bbox 153 890 1302 983; baseline -0.002 -23"><span class='ocrx_word' id='word_1_46' title='bbox 153 893 300 982; x_wconf 78' lang='lat' dir='ltr'>dictum);</span> <span class='ocrx_word' id='word_1_47' title='bbox 332 903 362 976; x_wconf 87' lang='lat'>3,</span> <span class='ocrx_word' id='word_1_48' title='bbox 380 903 431 976; x_wconf 87' lang='grc'>92,</span> <span class='ocrx_word' id='word_1_49' title='bbox 452 903 469 960; x_wconf 91' lang='grc'><strong>6</strong></span> <span class='ocrx_word' id='word_1_50' title='bbox 490 895 592 972; x_wconf 80' lang='lat' dir='ltr'>idam3</span> <span class='ocrx_word' id='word_1_51' title='bbox 616 903 767 976; x_wconf 83' lang='grc'>4,10,2;</span> <span class='ocrx_word' id='word_1_52' title='bbox 791 893 1022 983; x_wconf 74' lang='grc' dir='ltr'><em>ἀντιπαράγειν</em></span> <span class='ocrx_word' id='word_1_53' title='bbox 1044 898 1113 972; x_wconf 90' lang='grc' dir='ltr'><em>τοῖς</em></span> <span class='ocrx_word' id='word_1_54' title='bbox 1133 890 1302 970; x_wconf 80' lang='grc' dir='ltr'><em>Αἰτωλοῖς</em></span> 
     </span>
     <span class='ocr_line' id='line_1_8' title="bbox 152 997 819 1087; baseline 0.001 -24"><span class='ocrx_word' id='word_1_55' title='bbox 152 999 424 1087; x_wconf 67' lang='grc' dir='ltr'><em>προαιρούμενος,</em></span> <span class='ocrx_word' id='word_1_56' title='bbox 447 1007 584 1082; x_wconf 90' lang='grc'>4,10,3</span> <span class='ocrx_word' id='word_1_57' title='bbox 606 1001 648 1066; x_wconf 92' lang='lat' dir='ltr'>id.</span> <span class='ocrx_word' id='word_1_58' title='bbox 673 997 819 1086; x_wconf 73' lang='grc' dir='ltr'><em>(αὐτοῖς).</em></span> 
     </span>
    </p>

    <p class='ocr_par' dir='ltr' id='par_1_4' title="bbox 152 1100 1301 1613">
     <span class='ocr_line' id='line_1_9' title="bbox 238 1100 1300 1190; baseline -0.001 -21"><span class='ocrx_word' id='word_1_59' title='bbox 238 1100 327 1170; x_wconf 83' lang='grc' dir='ltr'><em>Ἆντὶ</em></span> <span class='ocrx_word' id='word_1_60' title='bbox 348 1106 484 1186; x_wconf 77' lang='lat' dir='ltr'>indicat,</span> <span class='ocrx_word' id='word_1_61' title='bbox 509 1105 645 1190; x_wconf 78' lang='lat' dir='ltr'>aliquem</span> <span class='ocrx_word' id='word_1_62' title='bbox 668 1107 833 1172; x_wconf 80' lang='lat' dir='ltr'>inimicum</span> <span class='ocrx_word' id='word_1_63' title='bbox 856 1105 974 1189; x_wconf 88' lang='lat' dir='ltr'>aliquid</span> <span class='ocrx_word' id='word_1_64' title='bbox 994 1106 1027 1170; x_wconf 88' lang='lat' dir='ltr'>in</span> <span class='ocrx_word' id='word_1_65' title='bbox 1050 1107 1175 1172; x_wconf 79' lang='lat' dir='ltr'>hostem</span> <span class='ocrx_word' id='word_1_66' title='bbox 1196 1106 1300 1170; x_wconf 81' lang='lat' dir='ltr'>facore</span> 
     </span>
     <span class='ocr_line' id='line_1_10' title="bbox 152 1210 1301 1296; baseline -0.006 -18"><span class='ocrx_word' id='word_1_67' title='bbox 152 1211 250 1291; x_wconf 83' lang='lat' dir='ltr'>valla,</span> <span class='ocrx_word' id='word_1_68' title='bbox 282 1211 363 1296; x_wconf 91' lang='lat' dir='ltr'>quod</span> <span class='ocrx_word' id='word_1_69' title='bbox 393 1232 449 1295; x_wconf 85' lang='lat' dir='ltr'>por</span> <span class='ocrx_word' id='word_1_70' title='bbox 472 1231 504 1277; x_wconf 87' lang='lat' dir='ltr'>se</span> <span class='ocrx_word' id='word_1_71' title='bbox 534 1211 750 1296; x_wconf 77' lang='lat' dir='ltr'>intellegitur3</span> <span class='ocrx_word' id='word_1_72' title='bbox 781 1213 865 1294; x_wconf 89' lang='lat' dir='ltr'>quod</span> <span class='ocrx_word' id='word_1_73' title='bbox 892 1212 977 1278; x_wconf 85' lang='lat' dir='ltr'>idam</span> <span class='ocrx_word' id='word_1_74' title='bbox 1001 1210 1301 1294; x_wconf 82' lang='lat' dir='ltr'>subinbolligondum</span> 
     </span>
     <span class='ocr_line' id='line_1_11' title="bbox 154 1315 1299 1401; baseline -0.003 -21"><span class='ocrx_word' id='word_1_75' title='bbox 154 1335 222 1382; x_wconf 83' lang='lat' dir='ltr'>ease</span> <span class='ocrx_word' id='word_1_76' title='bbox 245 1318 336 1401; x_wconf 77' lang='lat' dir='ltr'>puto,</span> <span class='ocrx_word' id='word_1_77' title='bbox 365 1315 420 1381; x_wconf 91' lang='lat' dir='ltr'>ubi</span> <span class='ocrx_word' id='word_1_78' title='bbox 446 1317 506 1382; x_wconf 85' lang='lat' dir='ltr'>hoa</span> <span class='ocrx_word' id='word_1_79' title='bbox 533 1318 710 1400; x_wconf 79' lang='lat' dir='ltr'>dooompoa</span> <span class='ocrx_word' id='word_1_80' title='bbox 740 1337 765 1382; x_wconf 88' lang='lat' dir='ltr'>o.</span> <span class='ocrx_word' id='word_1_81' title='bbox 796 1319 858 1382; x_wconf 82' lang='lat' dir='ltr'>dab.</span> <span class='ocrx_word' id='word_1_82' title='bbox 888 1315 935 1380; x_wconf 84' lang='lat' dir='ltr'>rei</span> <span class='ocrx_word' id='word_1_83' title='bbox 958 1317 1117 1400; x_wconf 72' lang='lat' dir='ltr'>jungitur:</span> <span class='ocrx_word' id='word_1_84' title='bbox 1151 1321 1178 1394; x_wconf 92' lang='lat'>1,</span> <span class='ocrx_word' id='word_1_85' title='bbox 1204 1321 1255 1393; x_wconf 80' lang='lat'>77,</span> <span class='ocrx_word' id='word_1_86' title='bbox 1281 1319 1299 1376; x_wconf 83' lang='lat'><strong>2</strong></span> 
     </span>
     <span class='ocr_line' id='line_1_12' title="bbox 154 1412 1299 1506; baseline -0.002 -22"><span class='ocrx_word' id='word_1_87' title='bbox 154 1426 187 1486; x_wconf 80' lang='lat' dir='ltr'>ob</span> <span class='ocrx_word' id='word_1_88' title='bbox 208 1428 245 1484; x_wconf 87' lang='lat'>4:</span> <span class='ocrx_word' id='word_1_89' title='bbox 275 1417 306 1484; x_wconf 89' lang='grc' dir='ltr'>ἀ.</span> <span class='ocrx_word' id='word_1_90' title='bbox 333 1421 405 1497; x_wconf 90' lang='grc' dir='ltr'><em>ταῖς</em></span> <span class='ocrx_word' id='word_1_91' title='bbox 433 1415 627 1506; x_wconf 72' lang='grc' dir='ltr'><em>ὑπωρείαις,</em></span> <span class='ocrx_word' id='word_1_92' title='bbox 658 1429 691 1502; x_wconf 88' lang='lat'>3,</span> <span class='ocrx_word' id='word_1_93' title='bbox 716 1426 771 1502; x_wconf 82' lang='lat'>53,</span> <span class='ocrx_word' id='word_1_94' title='bbox 796 1429 832 1485; x_wconf 92' lang='lat'>4:</span> <span class='ocrx_word' id='word_1_95' title='bbox 863 1417 894 1484; x_wconf 86' lang='grc' dir='ltr'><em>ά.</em></span> <span class='ocrx_word' id='word_1_96' title='bbox 923 1421 995 1495; x_wconf 86' lang='grc' dir='ltr'><em>ταῖς</em></span> <span class='ocrx_word' id='word_1_97' title='bbox 1022 1412 1239 1506; x_wconf 75' lang='grc' dir='ltr'><em>παρωρείαις,</em></span> <span class='ocrx_word' id='word_1_98' title='bbox 1269 1425 1299 1499; x_wconf 88' lang='grc'>3,</span> 
     </span>
     <span class='ocr_line' id='line_1_13' title="bbox 155 1520 600 1613; baseline 0 -23"><span class='ocrx_word' id='word_1_99' title='bbox 155 1532 228 1605; x_wconf 90' lang='grc'>101,</span> <span class='ocrx_word' id='word_1_100' title='bbox 251 1532 287 1589; x_wconf 89' lang='lat'>1:</span> <span class='ocrx_word' id='word_1_101' title='bbox 309 1527 381 1602; x_wconf 85' lang='grc' dir='ltr'><em>ταῖς</em></span> <span class='ocrx_word' id='word_1_102' title='bbox 402 1520 600 1613; x_wconf 80' lang='grc' dir='ltr'><em>ἀκρωρείαις.</em></span> 
     </span>
    </p>

    <p class='ocr_par' dir='ltr' id='par_1_5' title="bbox 243 1629 1171 1716">
     <span class='ocr_line' id='line_1_14' title="bbox 243 1629 1171 1716; baseline -0.002 -22"><span class='ocrx_word' id='word_1_103' title='bbox 243 1629 277 1716; x_wconf 89' lang='lat' dir='ltr'>b)</span> <span class='ocrx_word' id='word_1_104' title='bbox 300 1631 406 1695; x_wconf 76' lang='lat' dir='ltr'>liniis</span> <span class='ocrx_word' id='word_1_105' title='bbox 428 1649 508 1713; x_wconf 86' lang='lat' dir='ltr'>quae</span> <span class='ocrx_word' id='word_1_106' title='bbox 532 1651 550 1696; x_wconf 91' lang='lat' dir='ltr'>a</span> <span class='ocrx_word' id='word_1_107' title='bbox 573 1632 800 1698; x_wconf 77' lang='lat' dir='ltr'>recenlioribus</span> <span class='ocrx_word' id='word_1_108' title='bbox 822 1635 939 1696; x_wconf 77' lang='lat' dir='ltr'>novata</span> <span class='ocrx_word' id='word_1_109' title='bbox 961 1634 1036 1695; x_wconf 81' lang='lat' dir='ltr'>sunl</span> <span class='ocrx_word' id='word_1_110' title='bbox 1058 1630 1171 1695; x_wconf 83' lang='lat' dir='ltr'>affero:</span> 
     </span>
    </p>

    <p class='ocr_par' dir='ltr' id='par_1_6' title="bbox 153 1727 1304 2641">
     <span class='ocr_line' id='line_1_15' title="bbox 244 1727 1302 1822; baseline -0.005 -24"><span class='ocrx_word' id='word_1_111' title='bbox 244 1733 277 1821; x_wconf 90' lang='lat'>1)</span> <span class='ocrx_word' id='word_1_112' title='bbox 301 1732 586 1822; x_wconf 56' lang='lat' dir='ltr'>dmrmolodogaifi,</span> <span class='ocrx_word' id='word_1_113' title='bbox 617 1757 664 1820; x_wconf 89' lang='lat' dir='ltr'>ap.</span> <span class='ocrx_word' id='word_1_114' title='bbox 688 1755 785 1802; x_wconf 93' lang='lat' dir='ltr'>unum</span> <span class='ocrx_word' id='word_1_115' title='bbox 813 1735 922 1820; x_wconf 82' lang='lat' dir='ltr'>Polyb.</span> <span class='ocrx_word' id='word_1_116' title='bbox 955 1744 983 1815; x_wconf 89' lang='lat'>1,</span> <span class='ocrx_word' id='word_1_117' title='bbox 1008 1741 1060 1815; x_wconf 89' lang='lat'>40,</span> <span class='ocrx_word' id='word_1_118' title='bbox 1085 1743 1143 1798; x_wconf 88' lang='lat'>11:</span> <span class='ocrx_word' id='word_1_119' title='bbox 1174 1732 1243 1814; x_wconf 83' lang='grc' dir='ltr'><em>άμα</em></span> <span class='ocrx_word' id='word_1_120' title='bbox 1265 1727 1302 1794; x_wconf 78' lang='grc' dir='ltr'>δὲ</span> 
     </span>
     <span class='ocr_line' id='line_1_16' title="bbox 153 1834 1301 1926; baseline -0.003 -24"><span class='ocrx_word' id='word_1_121' title='bbox 153 1850 199 1924; x_wconf 80' lang='grc' dir='ltr'><em>τῷ</em></span> <span class='ocrx_word' id='word_1_122' title='bbox 216 1839 337 1904; x_wconf 82' lang='grc' dir='ltr'><em>τούτων</em></span> <span class='ocrx_word' id='word_1_123' title='bbox 353 1837 616 1926; x_wconf 81' lang='grc' dir='ltr'><em>ὁλοσχερεοτέραν</em></span> <span class='ocrx_word' id='word_1_124' title='bbox 635 1837 789 1924; x_wconf 73' lang='grc' dir='ltr'><em>γενέσθαι</em></span> <span class='ocrx_word' id='word_1_125' title='bbox 810 1839 865 1926; x_wconf 83' lang='grc' dir='ltr'>τὴν</span> <span class='ocrx_word' id='word_1_126' title='bbox 889 1837 1074 1925; x_wconf 78' lang='grc' dir='ltr'><em>συμπλοκὴν</em></span> <span class='ocrx_word' id='word_1_127' title='bbox 1094 1834 1301 1924; x_wconf 81' lang='grc' dir='ltr'><em>ἀντιφιλοάο-</em></span> 
     </span>
     <span class='ocr_line' id='line_1_17' title="bbox 154 1937 1302 2032; baseline -0.004 -24"><span class='ocrx_word' id='word_1_128' title='bbox 154 1943 278 2022; x_wconf 78' lang='grc' dir='ltr'><em>ξοῦντες</em></span> <span class='ocrx_word' id='word_1_129' title='bbox 301 1939 331 2009; x_wconf 80' lang='lat' dir='ltr'>oi</span> <span class='ocrx_word' id='word_1_130' title='bbox 353 1955 416 2007; x_wconf 80' lang='grc' dir='ltr'>τῶν</span> <span class='ocrx_word' id='word_1_131' title='bbox 439 1941 618 2032; x_wconf 78' lang='grc' dir='ltr'><em>ἐλεφάντων</em></span> <span class='ocrx_word' id='word_1_132' title='bbox 640 1941 816 2009; x_wconf 77' lang='grc' dir='ltr'><em>ἐπιστάται</em></span> <span class='ocrx_word' id='word_1_133' title='bbox 838 1943 921 2029; x_wconf 81' lang='grc' dir='ltr'><em>πρὸς</em></span> <span class='ocrx_word' id='word_1_134' title='bbox 942 1942 998 2006; x_wconf 90' lang='grc' dir='ltr'>τὸν</span> <span class='ocrx_word' id='word_1_135' title='bbox 1014 1937 1223 2026; x_wconf 79' lang='grc' dir='ltr'><em>Ἀσδρούβαν,</em></span> <span class='ocrx_word' id='word_1_136' title='bbox 1246 1937 1302 2004; x_wconf 84' lang='grc' dir='ltr'>καὶ</span> 
     </span>
     <span class='ocr_line' id='line_1_18' title="bbox 153 2044 1302 2136; baseline -0.004 -24"><span class='ocrx_word' id='word_1_137' title='bbox 153 2045 342 2136; x_wconf 76' lang='grc' dir='ltr'><em>βουλόμενοι</em></span> <span class='ocrx_word' id='word_1_138' title='bbox 365 2048 407 2113; x_wconf 79' lang='grc' dir='ltr'>δι’</span> <span class='ocrx_word' id='word_1_139' title='bbox 430 2049 533 2113; x_wconf 71' lang='grc' dir='ltr'><em>αὐτῶν</em></span> <span class='ocrx_word' id='word_1_140' title='bbox 555 2059 694 2136; x_wconf 80' lang='grc' dir='ltr'><em>ποιῆσαι</em></span> <span class='ocrx_word' id='word_1_141' title='bbox 715 2048 753 2114; x_wconf 89' lang='grc' dir='ltr'><em>τὸ</em></span> <span class='ocrx_word' id='word_1_142' title='bbox 778 2044 978 2135; x_wconf 80' lang='grc' dir='ltr'><em>προτέρημα,</em></span> <span class='ocrx_word' id='word_1_143' title='bbox 1010 2044 1130 2122; x_wconf 78' lang='grc' dir='ltr'><em>πάντες</em></span> <span class='ocrx_word' id='word_1_144' title='bbox 1153 2045 1302 2131; x_wconf 77' lang='grc' dir='ltr'><em>ὥρμησαν</em></span> 
     </span>
     <span class='ocr_line' id='line_1_19' title="bbox 154 2150 1302 2241; baseline -0.003 -23"><span class='ocrx_word' id='word_1_145' title='bbox 154 2150 213 2218; x_wconf 78' lang='grc' dir='ltr'>ἐπὶ</span> <span class='ocrx_word' id='word_1_146' title='bbox 239 2153 313 2230; x_wconf 83' lang='grc' dir='ltr'><em>τοὺς</em></span> <span class='ocrx_word' id='word_1_147' title='bbox 342 2152 644 2241; x_wconf 78' lang='grc' dir='ltr'><em>προκινδυνεύοντας</em></span> <span class='ocrx_word' id='word_1_148' title='bbox 665 2155 684 2218; x_wconf 90' lang='lat' dir='ltr'>i.</span> <span class='ocrx_word' id='word_1_149' title='bbox 709 2174 734 2219; x_wconf 81' lang='grc' dir='ltr'><em>ε.</em></span> <span class='ocrx_word' id='word_1_150' title='bbox 763 2155 882 2238; x_wconf 82' lang='lat' dir='ltr'>gloriae</span> <span class='ocrx_word' id='word_1_151' title='bbox 913 2153 1084 2236; x_wconf 65' lang='lat' dir='ltr'>cupididate</span> <span class='ocrx_word' id='word_1_152' title='bbox 1113 2151 1302 2216; x_wconf 80' lang='lat' dir='ltr'>inflammati</span> 
     </span>
     <span class='ocr_line' id='line_1_20' title="bbox 153 2257 1303 2339; baseline -0.005 -15"><span class='ocrx_word' id='word_1_153' title='bbox 153 2259 280 2324; x_wconf 88' lang='lat' dir='ltr'>laudem</span> <span class='ocrx_word' id='word_1_154' title='bbox 314 2260 395 2328; x_wconf 84' lang='lat' dir='ltr'>rollo</span> <span class='ocrx_word' id='word_1_155' title='bbox 429 2261 543 2325; x_wconf 83' lang='lat' dir='ltr'>morari</span> <span class='ocrx_word' id='word_1_156' title='bbox 575 2259 792 2325; x_wconf 78' lang='lat' dir='ltr'>Hasdrubalis,</span> <span class='ocrx_word' id='word_1_157' title='bbox 851 2259 969 2322; x_wconf 81' lang='lat' dir='ltr'>Eodom</span> <span class='ocrx_word' id='word_1_158' title='bbox 1005 2259 1097 2322; x_wconf 93' lang='lat' dir='ltr'>modo</span> <span class='ocrx_word' id='word_1_159' title='bbox 1132 2257 1303 2339; x_wconf 83' lang='lat' dir='ltr'>usurpatur</span> 
     </span>
     <span class='ocr_line' id='line_1_21' title="bbox 155 2353 1304 2449; baseline -0.01 -17"><span class='ocrx_word' id='word_1_160' title='bbox 155 2364 287 2449; x_wconf 79' lang='lat' dir='ltr'>simplex</span> <span class='ocrx_word' id='word_1_161' title='bbox 310 2385 357 2448; x_wconf 88' lang='lat' dir='ltr'>ap.</span> <span class='ocrx_word' id='word_1_162' title='bbox 380 2364 463 2440; x_wconf 86' lang='lat' dir='ltr'>Pol.;</span> <span class='ocrx_word' id='word_1_163' title='bbox 488 2363 526 2429; x_wconf 88' lang='lat' dir='ltr'>of.</span> <span class='ocrx_word' id='word_1_164' title='bbox 553 2371 584 2444; x_wconf 91' lang='lat'>1,</span> <span class='ocrx_word' id='word_1_165' title='bbox 617 2371 672 2443; x_wconf 87' lang='grc'>16,</span> <span class='ocrx_word' id='word_1_166' title='bbox 699 2369 754 2426; x_wconf 89' lang='lat'>10:</span> <span class='ocrx_word' id='word_1_167' title='bbox 784 2359 964 2449; x_wconf 79' lang='grc' dir='ltr'><em>φιλοδοξῶν</em></span> <span class='ocrx_word' id='word_1_168' title='bbox 990 2355 1036 2436; x_wconf 83' lang='grc' dir='ltr'><em>εἰς</em></span> <span class='ocrx_word' id='word_1_169' title='bbox 1062 2358 1137 2436; x_wconf 77' lang='grc' dir='ltr'><em>τοὺς</em></span> <span class='ocrx_word' id='word_1_170' title='bbox 1154 2353 1304 2445; x_wconf 80' lang='grc' dir='ltr'><em>Ἓλληνας</em></span> 
     </span>
     <span class='ocr_line' id='line_1_22' title="bbox 157 2461 1302 2554; baseline -0.004 -20"><span class='ocrx_word' id='word_1_171' title='bbox 157 2470 314 2554; x_wconf 82' lang='lat' dir='ltr'>„gloriam</span> <span class='ocrx_word' id='word_1_172' title='bbox 338 2487 487 2552; x_wconf 82' lang='lat' dir='ltr'>quaerero</span> <span class='ocrx_word' id='word_1_173' title='bbox 515 2485 551 2532; x_wconf 86' lang='lat' dir='ltr'>ex</span> <span class='ocrx_word' id='word_1_174' title='bbox 577 2467 737 2534; x_wconf 81' lang='lat' dir='ltr'>beneficiis</span> <span class='ocrx_word' id='word_1_175' title='bbox 763 2469 797 2531; x_wconf 94' lang='lat' dir='ltr'>in</span> <span class='ocrx_word' id='word_1_176' title='bbox 819 2465 957 2532; x_wconf 82' lang='lat' dir='ltr'>Graecos</span> <span class='ocrx_word' id='word_1_177' title='bbox 981 2464 1132 2531; x_wconf 79' lang='lat' dir='ltr'>oollabis“</span> <span class='ocrx_word' id='word_1_178' title='bbox 1157 2461 1302 2550; x_wconf 85' lang='lat' dir='ltr'>(Sohw.);</span> 
     </span>
     <span class='ocr_line' id='line_1_23' title="bbox 155 2573 502 2641; baseline 0.003 -1"><span class='ocrx_word' id='word_1_179' title='bbox 155 2575 224 2640; x_wconf 87' lang='lat' dir='ltr'>aliis</span> <span class='ocrx_word' id='word_1_180' title='bbox 246 2575 324 2641; x_wconf 83' lang='lat' dir='ltr'>louis</span> <span class='ocrx_word' id='word_1_181' title='bbox 348 2573 502 2641; x_wconf 81' lang='lat' dir='ltr'>simililer.</span> 
     </span>
    </p>

    <p class='ocr_par' dir='ltr' id='par_1_7' title="bbox 153 2673 1302 3080">
     <span class='ocr_line' id='line_1_24' title="bbox 243 2673 1301 2766; baseline -0.006 -24"><span class='ocrx_word' id='word_1_182' title='bbox 243 2678 276 2764; x_wconf 85' lang='grc'>2)</span> <span class='ocrx_word' id='word_1_183' title='bbox 310 2675 589 2766; x_wconf 75' lang='grc' dir='ltr'><em>ἀντιφιλονεικεῖν,</em></span> <span class='ocrx_word' id='word_1_184' title='bbox 628 2679 765 2761; x_wconf 88' lang='lat' dir='ltr'>primum</span> <span class='ocrx_word' id='word_1_185' title='bbox 800 2697 848 2759; x_wconf 90' lang='lat' dir='ltr'>ap.</span> <span class='ocrx_word' id='word_1_186' title='bbox 879 2675 966 2754; x_wconf 87' lang='lat' dir='ltr'>Pol,</span> <span class='ocrx_word' id='word_1_187' title='bbox 1009 2695 1035 2740; x_wconf 89' lang='lat' dir='ltr'>o.</span> <span class='ocrx_word' id='word_1_188' title='bbox 1065 2676 1130 2738; x_wconf 81' lang='lat' dir='ltr'>nob.</span> <span class='ocrx_word' id='word_1_189' title='bbox 1170 2673 1301 2750; x_wconf 85' lang='lat' dir='ltr'>rixandi,</span> 
     </span>
     <span class='ocr_line' id='line_1_25' title="bbox 155 2778 1301 2864; baseline -0.009 -14"><span class='ocrx_word' id='word_1_190' title='bbox 155 2783 378 2862; x_wconf 80' lang='lat' dir='ltr'>contendendi,</span> <span class='ocrx_word' id='word_1_191' title='bbox 404 2781 584 2849; x_wconf 88' lang='lat' dir='ltr'>aemulandi</span> <span class='ocrx_word' id='word_1_192' title='bbox 606 2801 677 2848; x_wconf 86' lang='lat' dir='ltr'>oum</span> <span class='ocrx_word' id='word_1_193' title='bbox 697 2781 819 2864; x_wconf 86' lang='lat' dir='ltr'>aliquo,</span> <span class='ocrx_word' id='word_1_194' title='bbox 841 2785 877 2845; x_wconf 83' lang='lat' dir='ltr'>ul</span> <span class='ocrx_word' id='word_1_195' title='bbox 900 2781 956 2846; x_wconf 82' lang='lat' dir='ltr'>abt.</span> <span class='ocrx_word' id='word_1_196' title='bbox 980 2778 1082 2862; x_wconf 84' lang='lat' dir='ltr'>simpl.</span> <span class='ocrx_word' id='word_1_197' title='bbox 1106 2785 1139 2858; x_wconf 83' lang='lat'>3,</span> <span class='ocrx_word' id='word_1_198' title='bbox 1164 2783 1240 2858; x_wconf 90' lang='grc'>103,</span> <span class='ocrx_word' id='word_1_199' title='bbox 1265 2785 1301 2841; x_wconf 82' lang='lat'>7:</span> 
     </span>
     <span class='ocr_line' id='line_1_26' title="bbox 153 2879 1302 2974; baseline -0.006 -24"><span class='ocrx_word' id='word_1_200' title='bbox 153 2887 238 2973; x_wconf 88' lang='grc' dir='ltr'><em>πρὸς</em></span> <span class='ocrx_word' id='word_1_201' title='bbox 263 2885 371 2952; x_wconf 84' lang='grc' dir='ltr'><em>πάντα</em></span> <span class='ocrx_word' id='word_1_202' title='bbox 402 2885 734 2974; x_wconf 69' lang='grc' dir='ltr'><em>άντιφιλονεικοῦντας</em></span> <span class='ocrx_word' id='word_1_203' title='bbox 771 2892 829 2967; x_wconf 86' lang='grc'>32,</span> <span class='ocrx_word' id='word_1_204' title='bbox 861 2891 891 2965; x_wconf 81' lang='grc'>7,</span> <span class='ocrx_word' id='word_1_205' title='bbox 926 2891 984 2948; x_wconf 80' lang='lat'>16:</span> <span class='ocrx_word' id='word_1_206' title='bbox 1017 2881 1109 2968; x_wconf 81' lang='grc' dir='ltr'><em>χάριν</em></span> <span class='ocrx_word' id='word_1_207' title='bbox 1131 2890 1190 2945; x_wconf 78' lang='grc' dir='ltr'><em>τοῦ</em></span> <span class='ocrx_word' id='word_1_208' title='bbox 1217 2879 1302 2966; x_wconf 87' lang='grc' dir='ltr'><em>πρὸς</em></span> 
     </span>
     <span class='ocr_line' id='line_1_27' title="bbox 153 2989 790 3080; baseline -0.002 -24"><span class='ocrx_word' id='word_1_209' title='bbox 153 2989 250 3078; x_wconf 75' lang='grc' dir='ltr'><em>μηδὲν</em></span> <span class='ocrx_word' id='word_1_210' title='bbox 272 2989 537 3080; x_wconf 80' lang='grc' dir='ltr'><em>ἀντιφιλονεικεῖν</em></span> <span class='ocrx_word' id='word_1_211' title='bbox 558 3000 598 3079; x_wconf 75' lang='grc' dir='ltr'><em>τῇ</em></span> <span class='ocrx_word' id='word_1_212' title='bbox 620 2989 790 3078; x_wconf 79' lang='grc' dir='ltr'><em>συγκλήτῳ.</em></span> 
     </span>
    </p>

    <p class='ocr_par' dir='ltr' id='par_1_8' title="bbox 240 3096 650 3181">
     <span class='ocr_line' id='line_1_28' title="bbox 240 3096 650 3181; baseline -0.005 -19"><span class='ocrx_word' id='word_1_213' title='bbox 240 3099 286 3162; x_wconf 81' lang='lat' dir='ltr'>Ex</span> <span class='ocrx_word' id='word_1_214' title='bbox 310 3097 485 3181; x_wconf 83' lang='lat' dir='ltr'>dooompoa</span> <span class='ocrx_word' id='word_1_215' title='bbox 509 3096 650 3180; x_wconf 79' lang='lat' dir='ltr'>profero:</span> 
     </span>
    </p>

    <p class='ocr_par' dir='ltr' id='par_1_9' title="bbox 154 3192 1301 3495">
     <span class='ocr_line' id='line_1_29' title="bbox 242 3192 1301 3288; baseline -0.007 -23"><span class='ocrx_word' id='word_1_216' title='bbox 242 3199 276 3287; x_wconf 86' lang='lat'>3)</span> <span class='ocrx_word' id='word_1_217' title='bbox 304 3196 685 3288; x_wconf 75' lang='grc' dir='ltr'><em>ἀντιπαραπορεάεοθαι,</em></span> <span class='ocrx_word' id='word_1_218' title='bbox 715 3198 752 3263; x_wconf 87' lang='lat' dir='ltr'>do</span> <span class='ocrx_word' id='word_1_219' title='bbox 775 3218 836 3281; x_wconf 89' lang='lat' dir='ltr'>quo</span> <span class='ocrx_word' id='word_1_220' title='bbox 859 3199 955 3264; x_wconf 86' lang='lat' dir='ltr'>verbo</span> <span class='ocrx_word' id='word_1_221' title='bbox 977 3197 1062 3262; x_wconf 89' lang='lat' dir='ltr'>idom</span> <span class='ocrx_word' id='word_1_222' title='bbox 1086 3192 1301 3260; x_wconf 75' lang='lat' dir='ltr'>annotandum</span> 
     </span>
     <span class='ocr_line' id='line_1_30' title="bbox 154 3301 1299 3390; baseline -0.009 -19"><span class='ocrx_word' id='word_1_223' title='bbox 154 3307 204 3371; x_wconf 81' lang='lat' dir='ltr'>ost</span> <span class='ocrx_word' id='word_1_224' title='bbox 225 3325 261 3371; x_wconf 87' lang='lat' dir='ltr'>ao</span> <span class='ocrx_word' id='word_1_225' title='bbox 288 3309 326 3372; x_wconf 86' lang='lat' dir='ltr'>do</span> <span class='ocrx_word' id='word_1_226' title='bbox 347 3327 377 3372; x_wconf 89' lang='lat' dir='ltr'>v.</span> <span class='ocrx_word' id='word_1_227' title='bbox 400 3301 648 3390; x_wconf 58' lang='lat' dir='ltr'>circamundanum</span> <span class='ocrx_word' id='word_1_228' title='bbox 670 3304 729 3369; x_wconf 88' lang='lat' dir='ltr'>hoo</span> <span class='ocrx_word' id='word_1_229' title='bbox 752 3322 799 3386; x_wconf 84' lang='lat' dir='ltr'>ap.</span> <span class='ocrx_word' id='word_1_230' title='bbox 823 3323 921 3369; x_wconf 90' lang='lat' dir='ltr'>unum</span> <span class='ocrx_word' id='word_1_231' title='bbox 942 3301 1051 3386; x_wconf 87' lang='lat' dir='ltr'>Polyb.</span> <span class='ocrx_word' id='word_1_232' title='bbox 1073 3301 1193 3376; x_wconf 63' lang='lat' dir='ltr'>arolam</span> <span class='ocrx_word' id='word_1_233' title='bbox 1218 3303 1247 3379; x_wconf 85' lang='lat'>5,</span> <span class='ocrx_word' id='word_1_234' title='bbox 1270 3305 1299 3378; x_wconf 89' lang='grc'>7,</span> 
     </span>
     <span class='ocr_line' id='line_1_31' title="bbox 155 3402 1300 3495; baseline -0.009 -20"><span class='ocrx_word' id='word_1_235' title='bbox 155 3419 209 3476; x_wconf 89' lang='lat'>11:</span> <span class='ocrx_word' id='word_1_236' title='bbox 241 3409 353 3490; x_wconf 75' lang='grc' dir='ltr'><em>δεξιῶν</em></span> <span class='ocrx_word' id='word_1_237' title='bbox 382 3409 474 3495; x_wconf 83' lang='grc' dir='ltr'><em>παρὰ</em></span> <span class='ocrx_word' id='word_1_238' title='bbox 502 3406 627 3494; x_wconf 86' lang='grc' dir='ltr'><em>πλάγια</em></span> <span class='ocrx_word' id='word_1_239' title='bbox 657 3417 720 3471; x_wconf 83' lang='grc' dir='ltr'>τῶν</span> <span class='ocrx_word' id='word_1_240' title='bbox 749 3409 883 3494; x_wconf 71' lang='grc' dir='ltr'><em>Θρᾳκῶν</em></span> <span class='ocrx_word' id='word_1_241' title='bbox 904 3403 960 3470; x_wconf 86' lang='grc' dir='ltr'>καὶ</span> <span class='ocrx_word' id='word_1_242' title='bbox 988 3405 1094 3492; x_wconf 80' lang='grc' dir='ltr'><em>ψιλῶν</em></span> <span class='ocrx_word' id='word_1_243' title='bbox 1119 3402 1300 3488; x_wconf 81' lang='grc' dir='ltr'><em>ἀντιπαρα-</em></span> 
     </span>
    </p>
   </div>
   <div class='ocr_carea' id='block_1_3' title="bbox 152 3507 1414 3608">
    <p class='ocr_par' dir='ltr' id='par_1_10' title="bbox 152 3507 1414 3608">
     <span class='ocr_line' id='line_1_32' title="bbox 152 3507 1414 3608; baseline -0.006 -29"><span class='ocrx_word' id='word_1_244' title='bbox 152 3513 376 3602; x_wconf 83' lang='grc' dir='ltr'><em>πορεοομένων</em></span> <span class='ocrx_word' id='word_1_245' title='bbox 396 3516 468 3590; x_wconf 91' lang='grc' dir='ltr'><em>ταῖς</em></span> <span class='ocrx_word' id='word_1_246' title='bbox 487 3513 607 3599; x_wconf 87' lang='grc' dir='ltr'><em>χώραις</em></span> <span class='ocrx_word' id='word_1_247' title='bbox 628 3507 842 3599; x_wconf 81' lang='grc' dir='ltr'><em>(παρωρείαις</em></span> <span class='ocrx_word' id='word_1_248' title='bbox 864 3533 901 3579; x_wconf 83' lang='lat' dir='ltr'>ox</span> <span class='ocrx_word' id='word_1_249' title='bbox 926 3511 1004 3596; x_wconf 85' lang='lat' dir='ltr'>oonj.</span> <span class='ocrx_word' id='word_1_250' title='bbox 1028 3507 1217 3595; x_wconf 81' lang='lat' dir='ltr'>Schweigh.)</span> <span class='ocrx_word' id='word_1_251' title='bbox 1304 3575 1414 3608; x_wconf 61' lang='lat' dir='ltr'>w„</span> 
     </span>
    </p>
   </div>
   <div class='ocr_carea' id='block_1_4' title="bbox 151 3716 1302 4052">
    <p class='ocr_par' dir='ltr' id='par_1_11' title="bbox 151 3716 1302 4052">
     <span class='ocr_line' id='line_1_33' title="bbox 241 3716 1301 3789; baseline -0.01 -13"><span class='ocrx_word' id='word_1_252' title='bbox 241 3722 268 3788; x_wconf 87' lang='lat'>1)</span> <span class='ocrx_word' id='word_1_253' title='bbox 281 3719 378 3788; x_wconf 81' lang='lat' dir='ltr'>Cyrop.</span> <span class='ocrx_word' id='word_1_254' title='bbox 389 3722 413 3786; x_wconf 89' lang='lat'>1,</span> <span class='ocrx_word' id='word_1_255' title='bbox 424 3720 449 3782; x_wconf 88' lang='grc'>6,</span> <span class='ocrx_word' id='word_1_256' title='bbox 458 3718 506 3773; x_wconf 85' lang='lat'>43:</span> <span class='ocrx_word' id='word_1_257' title='bbox 520 3721 547 3772; x_wconf 77' lang='grc' dir='ltr'><em>εἴ</em></span> <span class='ocrx_word' id='word_1_258' title='bbox 558 3732 605 3771; x_wconf 88' lang='grc' dir='ltr'>σοι</span> <span class='ocrx_word' id='word_1_259' title='bbox 617 3719 666 3772; x_wconf 76' lang='grc' dir='ltr'>ἐπὶ</span> <span class='ocrx_word' id='word_1_260' title='bbox 678 3720 823 3789; x_wconf 75' lang='grc' dir='ltr'><em>φάλαγγος</em></span> <span class='ocrx_word' id='word_1_261' title='bbox 835 3720 932 3789; x_wconf 84' lang='grc' dir='ltr'><em>άγοντι</em></span> <span class='ocrx_word' id='word_1_262' title='bbox 942 3718 1061 3770; x_wconf 77' lang='grc' dir='ltr'><em>ἄλλοθέν</em></span> <span class='ocrx_word' id='word_1_263' title='bbox 1072 3722 1165 3770; x_wconf 75' lang='grc' dir='ltr'><em>ποθεν</em></span> <span class='ocrx_word' id='word_1_264' title='bbox 1179 3716 1207 3767; x_wconf 77' lang='grc' dir='ltr'>οἱ</span> <span class='ocrx_word' id='word_1_265' title='bbox 1218 3717 1301 3766; x_wconf 76' lang='grc' dir='ltr'><em>πολέ-</em></span> 
     </span>
     <span class='ocr_line' id='line_1_34' title="bbox 151 3801 1301 3878; baseline -0.007 -17"><span class='ocrx_word' id='word_1_266' title='bbox 151 3829 215 3878; x_wconf 86' lang='grc' dir='ltr'><em>μιοι</em></span> <span class='ocrx_word' id='word_1_267' title='bbox 228 3813 376 3878; x_wconf 88' lang='grc' dir='ltr'><em>φαίνοιντο</em></span> <span class='ocrx_word' id='word_1_268' title='bbox 389 3806 485 3873; x_wconf 69' lang='lat' dir='ltr'>brunda</span> <span class='ocrx_word' id='word_1_269' title='bbox 497 3805 663 3876; x_wconf 83' lang='grc' dir='ltr'><em>πρόσωπον,</em></span> <span class='ocrx_word' id='word_1_270' title='bbox 683 3803 758 3866; x_wconf 83' lang='grc' dir='ltr'><em>ὅπως</em></span> <span class='ocrx_word' id='word_1_271' title='bbox 774 3807 827 3876; x_wconf 82' lang='grc' dir='ltr'>χρὴ</span> <span class='ocrx_word' id='word_1_272' title='bbox 839 3805 1051 3874; x_wconf 83' lang='grc' dir='ltr'><em>ἀντιπαράγειν,</em></span> <span class='ocrx_word' id='word_1_273' title='bbox 1076 3803 1184 3871; x_wconf 73' lang='lat' dir='ltr'>„eontra</span> <span class='ocrx_word' id='word_1_274' title='bbox 1196 3801 1301 3854; x_wconf 78' lang='lat' dir='ltr'>hostem</span> 
     </span>
     <span class='ocr_line' id='line_1_35' title="bbox 154 3887 1302 3962; baseline -0.007 -12"><span class='ocrx_word' id='word_1_275' title='bbox 154 3897 250 3951; x_wconf 83' lang='lat' dir='ltr'>duoaro</span> <span class='ocrx_word' id='word_1_276' title='bbox 269 3894 428 3948; x_wconf 81' lang='lat' dir='ltr'>oxeroibum“</span> <span class='ocrx_word' id='word_1_277' title='bbox 454 3893 570 3946; x_wconf 71' lang='lat' dir='ltr'>vertitur</span> <span class='ocrx_word' id='word_1_278' title='bbox 592 3893 621 3946; x_wconf 92' lang='lat' dir='ltr'>in</span> <span class='ocrx_word' id='word_1_279' title='bbox 640 3891 734 3962; x_wconf 82' lang='lat' dir='ltr'>Staph.</span> <span class='ocrx_word' id='word_1_280' title='bbox 751 3893 834 3956; x_wconf 81' lang='lat' dir='ltr'><strong>thes.;</strong></span> <span class='ocrx_word' id='word_1_281' title='bbox 858 3892 884 3946; x_wconf 89' lang='lat' dir='ltr'>h.</span> <span class='ocrx_word' id='word_1_282' title='bbox 904 3892 922 3946; x_wconf 88' lang='lat' dir='ltr'>l.</span> <span class='ocrx_word' id='word_1_283' title='bbox 948 3889 1117 3944; x_wconf 80' lang='lat' dir='ltr'>referendum</span> <span class='ocrx_word' id='word_1_284' title='bbox 1140 3887 1248 3942; x_wconf 79' lang='lat' dir='ltr'>uidetur</span> <span class='ocrx_word' id='word_1_285' title='bbox 1266 3888 1302 3942; x_wconf 85' lang='lat' dir='ltr'>ad</span> 
     </span>
     <span class='ocr_line' id='line_1_36' title="bbox 152 3975 1301 4052; baseline -0.009 -14"><span class='ocrx_word' id='word_1_286' title='bbox 152 3984 221 4039; x_wconf 88' lang='lat' dir='ltr'>illud</span> <span class='ocrx_word' id='word_1_287' title='bbox 240 3981 311 4052; x_wconf 90' lang='lat' dir='ltr'>quod</span> <span class='ocrx_word' id='word_1_288' title='bbox 329 3980 428 4034; x_wconf 80' lang='lat' dir='ltr'>dieitur</span> <span class='ocrx_word' id='word_1_289' title='bbox 446 3980 610 4034; x_wconf 76' lang='lat' dir='ltr'>contrarium</span> <span class='ocrx_word' id='word_1_290' title='bbox 629 3979 681 4032; x_wconf 79' lang='lat' dir='ltr'>iter</span> <span class='ocrx_word' id='word_1_291' title='bbox 694 3978 966 4033; x_wconf 78' lang='lat' dir='ltr'>Lacedaemoniorum</span> <span class='ocrx_word' id='word_1_292' title='bbox 984 3992 1058 4030; x_wconf 89' lang='lat' dir='ltr'>moro</span> <span class='ocrx_word' id='word_1_293' title='bbox 1077 3975 1179 4030; x_wconf 78' lang='lat' dir='ltr'>factum</span> <span class='ocrx_word' id='word_1_294' title='bbox 1198 3975 1230 4029; x_wconf 87' lang='lat' dir='ltr'>de</span> <span class='ocrx_word' id='word_1_295' title='bbox 1249 3991 1301 4044; x_wconf 91' lang='lat' dir='ltr'>quo</span> 
     </span>
    </p>
   </div>
   <div class='ocr_carea' id='block_1_5' title="bbox 154 4063 1117 4224">
    <p class='ocr_par' dir='ltr' id='par_1_12' title="bbox 154 4063 1117 4224">
     <span class='ocr_line' id='line_1_37' title="bbox 154 4063 1117 4139; baseline -0.006 -15"><span class='ocrx_word' id='word_1_296' title='bbox 154 4087 202 4125; x_wconf 81' lang='lat' dir='ltr'>suo</span> <span class='ocrx_word' id='word_1_297' title='bbox 218 4070 279 4139; x_wconf 88' lang='lat' dir='ltr'>juro</span> <span class='ocrx_word' id='word_1_298' title='bbox 299 4067 405 4121; x_wconf 77' lang='lat' dir='ltr'>dioibrr.</span> <span class='ocrx_word' id='word_1_299' title='bbox 442 4065 484 4120; x_wconf 80' lang='lat' dir='ltr'>cf.</span> <span class='ocrx_word' id='word_1_300' title='bbox 504 4065 662 4119; x_wconf 81' lang='lat' dir='ltr'>Vollbrooht</span> <span class='ocrx_word' id='word_1_301' title='bbox 679 4066 783 4134; x_wconf 85' lang='lat' dir='ltr'>prolog.</span> <span class='ocrx_word' id='word_1_302' title='bbox 802 4065 837 4119; x_wconf 90' lang='lat' dir='ltr'>ad</span> <span class='ocrx_word' id='word_1_303' title='bbox 853 4064 922 4119; x_wconf 87' lang='lat' dir='ltr'>Xon.</span> <span class='ocrx_word' id='word_1_304' title='bbox 940 4063 1027 4118; x_wconf 86' lang='lat' dir='ltr'>Anab.</span> <span class='ocrx_word' id='word_1_305' title='bbox 1046 4063 1117 4134; x_wconf 75' lang='lat'>§34</span> 
     </span>
     <span class='ocr_line' id='line_1_38' title="bbox 240 4153 726 4224; baseline -0.006 -15"><span class='ocrx_word' id='word_1_306' title='bbox 240 4156 269 4222; x_wconf 82' lang='lat'>2)</span> <span class='ocrx_word' id='word_1_307' title='bbox 288 4154 330 4209; x_wconf 78' lang='lat' dir='ltr'>Of.</span> <span class='ocrx_word' id='word_1_308' title='bbox 348 4153 404 4222; x_wconf 86' lang='lat' dir='ltr'>p.9</span> <span class='ocrx_word' id='word_1_309' title='bbox 423 4153 604 4224; x_wconf 77' lang='grc' dir='ltr'><em>ἀμφιάοξεῑν,</em></span> <span class='ocrx_word' id='word_1_310' title='bbox 625 4154 653 4205; x_wconf 79' lang='lat' dir='ltr'>ab</span> <span class='ocrx_word' id='word_1_311' title='bbox 670 4153 726 4206; x_wconf 78' lang='lat' dir='ltr'>nob.</span> 
     </span>
    </p>
   </div>
   <div class='ocr_carea' id='block_1_6' title="bbox 0 0 1455 4578">
    <p class='ocr_par' dir='ltr' id='par_1_13' title="bbox 0 0 1455 4578">
     <span class='ocr_line' id='line_1_39' title="bbox 0 0 1455 4578; baseline 0 0"><span class='ocrx_word' id='word_1_312' title='bbox 0 0 1455 4578; x_wconf 95' lang='lat' dir='ltr'> </span> 
     </span>
    </p>
   </div>
  </div>
 </body>
</html>
