2900 4578
613 207 831 266 ...15-

233 378 429 460 plerumque:
459 377 553 442 fateri
584 377 679 443 alieni
709 375 828 460 aliquid
858 377 910 442 vel
941 373 1115 439 declarare:
1148 378 1177 452 5,
1197 377 1248 451 56,
1263 377 1299 434 4;

146 498 205 554 τοῦ
236 487 268 554 δ’
296 485 461 572 Ἀντιόχου
497 489 581 576 πρὸς
613 487 708 554 αύιὸν
745 484 1108 575 ἀνθομολογησαμένον,
1143 483 1229 551 διότι
1253 505 1301 568 .,;

149 615 200 686 10,
218 613 325 686 38,3;
361 617 424 670 τῶν
455 603 809 693 ἀνθομολογησαμένων
839 603 925 670 διότι
948 657 955 670 .
976 627 1001 680 .;
1037 612 1087 685 12,
1107 610 1212 683 28,7;
1247 597 1302 664 καὶ

148 709 235 776 διότι
264 709 409 788 τοιοῖτός
438 708 540 792 ἐστιν,
574 707 670 774 αύτδν
700 707 1019 794 ἀνθομολογούμενοι
1042 704 1164 792 εὐχερὲς
1192 729 1301 790 παραρ

148 832 266 909 στῆσαι
287 821 343 887 τὸν
371 817 521 906 Τίμαιον,
555 830 606 904 29,
628 830 678 902 17,
698 829 732 886 1:
755 821 901 898 Λεύκιος
924 869 981 884 ...
1004 817 1088 905 πρός
1108 841 1198 895 τινας
1218 817 1302 882 πολ-

147 935 240 1014 λάκις
274 935 536 1022 ἀνθωμολογεῖτο
660 935 758 1022 μηδὲν
791 931 965 1022 ἑωρακέναι
999 932 1220 1022 φοβερώτερον

147 1050 313 1138 φάλαγγος
334 1051 576 1138 Μωιεδονικης,·
610 1058 661 1132 80,
679 1059 709 1131 8,
728 1059 762 1116 7:
796 1050 852 1115 διὰ
873 1060 935 1113 τῶν
957 1045 1106 1133 βασάνων
1135 1044 1301 1132 ἐλεγχόμε-

147 1188 202 1244 νος
222 1164 484 1252 ἀνθωμολογεῖτο
502 1163 559 1230 καὶ
578 1165 748 1254 σύμφωνος
770 1161 806 1252 ἦν
828 1174 913 1230 πάσι
930 1215 937 1230 .
953 1217 983 1232 ..
1029 1165 1120 1230 Adde
1143 1169 1194 1243 15,
1204 1167 1255 1242 25,
1267 1171 1302 1229 4:

147 1277 204 1342 τδν
225 1289 281 1365 της
309 1275 501 1367 βασιλίσσης
528 1277 672 1344 θάνατον
695 1277 1007 1366 ἀνθωμολογήσαντο
1038 1277 1240 1358 (fadebaniur
1268 1295 1301 1340 se

148 1392 291 1474 reginam
313 1413 459 1471 necasse,
489 1395 541 1460 vel
571 1391 666 1461 nude:
697 1393 824 1478 reginae
847 1395 982 1464 mortem
1004 1387 1215 1475 indicabani);
1248 1395 1298 1470 15,

150 1515 202 1588 27,
221 1515 254 1572 9:
283 1507 368 1594 πρὸς
398 1505 489 1572 ούδέν
513 1518 577 1572 τῶν
604 1505 779 1593 λεγομένων
800 1505 1118 1592 ἀνθομολογούμενος
1146 1501 1299 1591 ἑξεδύθη;

150 1631 202 1702 32,
221 1631 250 1704 7,
269 1629 323 1689 10:
350 1622 434 1709 πρὸς
465 1619 501 1687 δὲ
532 1621 605 1699 τοὺς
635 1618 874 1708 ἐντυγχάνοντας
904 1617 1300 1710 ἁπλωςῑάνθωμολογεῖτο

148 1735 228 1823 περὶ
256 1746 312 1824 της
348 1735 503 1822 πράξεως.
564 1737 718 1822 Majnrem
749 1737 813 1803 rim
849 1737 928 1803 haee
969 1735 1136 1818 praeposit.
1175 1731 1301 1798 videtur

149 1868 290 1916 servasse
325 1855 375 1930 10,
401 1854 451 1930 45,
481 1857 534 1914 1οε
568 1857 663 1914 τούτο
694 1841 725 1912 δ’
763 1843 855 1913 ἔσται
883 1845 975 1932 χάριν
1010 1855 1068 1911 τοῦ
1097 1845 1153 1910 διά
1185 1843 1301 1930 ταύτης

147 1972 203 2049 της
236 1956 393 2047 πορσείας
428 1957 554 2040 ἑαυτοῖς
588 1961 938 2050 ἀνθομολογήσασθαι,
977 1958 1063 2025 διότι
1093 1954 1299 2046 προσέχουσι,
1416 1957 1417 1960 ’

149 2086 221 2132 eum
250 2067 382 2146 indicet,
420 2067 560 2133 vinissim
587 2067 619 2132 id
650 2067 736 2146 fieri;
771 2066 826 2134 sed
854 2071 961 2133 tamen
992 2066 1090 2131 eiiam
1114 2065 1166 2128 hie
1194 2064 1300 2128 deesse

147 2173 261 2254 petest.

236 2291 318 2358 Aliis
338 2294 417 2358 loeis
443 2295 530 2359 nodie
553 2285 646 2376 hujus
671 2294 759 2360 verbi
781 2291 915 2357 inclinat
937 2289 977 2356 ad
1000 2290 1066 2356 vim
1087 2287 1300 2356 consentiendi

149 2397 202 2462 vel
239 2397 446 2462 asseniiendi:
490 2402 519 2477 5,
545 2403 618 2478 105,
643 2405 677 2464 2:
711 2393 1055 2481 ,ἀνθομολογησάμενοι
1091 2391 1175 2477 πρὸς
1215 2394 1300 2480 σφᾶς

150 2497 233 2585 ὑπὲρ
254 2511 317 2564 τῶν
338 2502 422 2565 κατὰ
443 2497 554 2588 μέρος,
588 2499 643 2565 καὶ
669 2499 866 2586 κυρώσαντες
893 2499 951 2576 τοῖς
982 2497 1157 2582 διαλύσεις,
1188 2491 1299 2582 ἀχωρί-

151 2609 286 2692 σθησαν.
335 2611 453 2686 15,19,
473 2614 509 2672 9;
532 2605 732 2690 πρεσβευτάς
755 2600 918 2686 ἐξέπεμπε
941 2603 1015 2680 τοὺς
1035 2600 1300 2687 ἀνθομολογησο-

150 2705 263 2791 μένους
283 2707 361 2795 περὶ
382 2707 511 2775 τούτων.
558 2717 609 2788 28,
626 2717 655 2787 4,
672 2717 709 2774 4:
736 2711 822 2772 πᾶσι
843 2710 913 2785 τοῖς
942 2703 1118 2794 εἰρημένοις
1145 2698 1299 2787 ἀνθωμο-

150 2811 315 2899 λογήσατο.
368 2821 418 2894 28,
436 2821 488 2892 20,
505 2821 542 2878 6:
577 2815 664 2878 πᾶσι
693 2811 820 2890 τούτοις
849 2805 1201 2898 ἀνθομολογησάμενος.
1248 2816 1300 2889 32,

152 2924 181 2997 5,
198 2925 235 2981 3:
267 2913 466 2982 καὶτούτων
488 2915 649 3004 μάρτυρας
671 2914 842 2982 ἐποιοῦντο
861 2917 935 2993 τοὺς
961 2913 1039 3000 περὶ
1065 2915 1121 2979 τὸν
1144 2911 1300 3000 Τιβέριον.

143 3004 204 3084 Ὧν
226 3015 577 3108 ἀνθομολογησαμόνων
596 3021 616 3109 ἡ
639 3020 809 3108 σύγκλητος
830 3020 886 3084 τὸν
909 3017 1067 3106 στέφανον
1088 3011 1278 3098 ἀπεδέξατο.

237 3141 274 3207 In
302 3143 478 3210 eioeudione
502 3145 599 3210 attica
622 3144 732 3208 eadem
758 3144 836 3210 haee
866 3141 998 3225 simplex
1026 3138 1193 3225 ὁμολογεῖν
1216 3159 1301 3206 eom-

149 3244 315 3331 prehendii
340 3247 400 3312 nisi
429 3246 510 3330 quod
549 3249 691 3328 „faderi“
723 3248 819 3314 eiiam
849 3247 943 3314 verbe
969 3245 1225 3332 προσομολογεῖν
1243 3247 1301 3311 eie.

150 3353 246 3418 adiice
268 3351 358 3417 reddi
380 3357 493 3434 petest.

237 3487 284 3554 Ex
304 3487 524 3571 decomposiiis
545 3489 639 3555 effero
683 3545 684 3550 ,

239 3607 273 3694 2)
295 3601 663 3688 ἀντικαταλλάττεσθαι,
695 3609 790 3676 eiiam
813 3629 861 3692 ap.
885 3611 1042 3688 oratores,
1071 3609 1126 3675 sed
1150 3629 1220 3676 eum
1243 3628 1301 3676 no-

149 3713 236 3780 tione
260 3715 473 3780 aemmutandi
498 3713 617 3798 aliquid
641 3716 747 3799 aliqua
765 3733 799 3778 re
823 3707 869 3796 (τί
896 3735 996 3792 τινος,
1031 3709 1102 3777 ἀντί
1118 3735 1217 3797 τινος,
1251 3713 1302 3778 vel

149 3813 232 3902 όπέρ
249 3839 336 3894 τινος
359 3838 405 3901 ap.
430 3818 589 3906 Iseerad.);
618 3838 664 3903 ap.
689 3819 798 3903 Polyb.
823 3823 870 3884 esd
893 3818 1089 3884 reconciliari
1113 3817 1224 3882 alieni:
1250 3821 1301 3900 15,

151 3928 202 4000 20,
222 3927 258 3986 5:
297 3919 334 3986 ού
360 3921 421 4010 μὴν
444 3914 526 3986 ἀλλά
547 3946 597 4000 τις
626 3921 665 3986 ἀν
687 3917 818 3999 εἰκότως
846 3931 885 4009 τῇ
910 3920 986 4009 τύχη
1008 3919 1218 4008 μεμψάμενος
1243 3915 1302 3983 ἐπὶ

149 4035 213 4088 τῶν
248 4017 466 4111 ἀνθρωπείων
506 4025 704 4114 πραγμάτων
741 4025 774 4090 ἐν
810 4025 971 4103 τοιούτοις
1008 4018 1300 4112 ἀντικαταλλαγεύη,

151 4129 234 4218 quod
257 4131 356 4200 attica
374 4132 407 4198 in
431 4133 539 4222 lingna
561 4129 844 4224 καταλλάττεσθαι
867 4133 923 4200 est.
