2900 4578
634 173 850 244 -21÷

671 359 813 442 AHO.

257 500 294 566 A.
339 502 449 583 Praep.
466 492 536 562 ἀπὸ
557 498 752 565 abundanter
771 499 875 564 exstat
889 499 1011 564 nullam
1027 517 1142 565 novam
1157 501 1319 563 nmionem

169 605 305 689 simplici
327 604 423 668 verbo
450 603 567 668 addens

256 705 288 793 a)
317 707 351 771 in
383 707 485 772 verbis
509 725 587 789 quae
616 707 650 770 in
681 706 821 772 oratione
849 706 946 770 attica
976 708 1183 788 usurpaniur‚
1214 707 1319 790 cujus-

169 812 255 877 modi
277 817 367 877 suut:

259 915 292 1002 1)
315 908 568 1001 ἀπαλλοτριοῦν,
591 917 641 980 ier
665 935 702 980 ex
726 915 831 998 script.
855 915 911 980 ait.
935 916 1093 998 prolatum
1102 917 1123 998 ¹,
1147 934 1219 982 uum
1243 917 1319 982 sim-

169 1021 240 1105 plex
270 1021 401 1086 uerbum
432 1020 541 1085 uadem
569 1021 698 1086 notione
734 1019 817 1103 apud
845 1018 917 1084 illos
948 1021 991 1084 sit
1021 1019 1201 1102 vulgatum,
1237 1020 1319 1104 apud

168 1127 312 1190 nostrum
334 1143 505 1207 perrarum.
542 1125 757 1208 Compositum
777 1123 989 1207 compluribus
1011 1125 1089 1188 loeis
1104 1123 1215 1206 Polyb.
1236 1125 1318 1209 legi-

168 1231 238 1293 tur:
265 1238 293 1306 1,
318 1235 367 1312 79,
393 1236 428 1292 6:
460 1226 573 1313 Σαρδὼ
590 1281 596 1294 ,
614 1281 644 1292 ..
668 1220 923 1314 ἀπηλλοτριώθη
945 1221 1189 1313 Καρχηδονίων,·
1217 1238 1244 1307 1,
1266 1235 1318 1307 82,

171 1341 208 1400 7;
229 1332 271 1396 τὰ
293 1332 376 1395 κατὰ
397 1329 453 1419 τὴν
472 1330 686 1416 Σαρδόνα...
709 1329 873 1417 ἀτόγχανεν
895 1324 1200 1418 ἀπηλλοτριωμένω,
1220 1339 1249 1410 2,
1266 1338 1318 1413 50,

170 1443 206 1502 5:
230 1437 403 1524 περιχαρὴς
417 1433 454 1523 ην
476 1435 509 1522 (ὁ
524 1427 673 1523 Ἄρατος)
694 1447 741 1521 τῷ
755 1437 799 1524 μὴ
815 1490 821 1501 .
839 1487 846 1500 .
863 1485 870 1500 .
892 1435 949 1501 τὸν
971 1428 1151 1521 Ἀντίγονον
1167 1431 1214 1512 εἰς
1227 1433 1319 1513 τέλος

169 1536 469 1628 ἀπηλλατριωμένον
485 1535 617 1622 ἑαυτοῦ,
640 1549 668 1621 3,
686 1549 737 1627 77,
754 1550 772 1607 7
779 1565 786 1607 :
806 1539 999 1624 βουλόμενος
1014 1595 1020 1608 .
1036 1595 1042 1606 .
1058 1594 1064 1606 ,
1081 1534 1319 1627 ἀπαλλοτριοῦν

168 1657 224 1732 τῆς
245 1645 329 1731 πρὸς
347 1640 522 1729 Ῥωμαίους
545 1642 669 1724 εάνοίας
692 1646 776 1729 [τοὺς
794 1639 1007 1726 Ἰταλιώτας),
1039 1654 1088 1723 10,
1105 1653 1134 1724 6,
1152 1654 1188 1710 3:
1211 1646 1318 1710 δι’παν-

168 1773 227 1827 τας
266 1743 562 1837 ἀπηλλατριωκιναι
598 1747 653 1814 καὶ
690 1746 866 1832 πολεμίους
901 1749 1010 1827 αὑτοῖς
1044 1741 1318 1837 παρεσιιευαιώναι

169 1849 278 1942 (ἔφη),·
302 1862 352 1933 30,
371 1864 398 1934 1,
416 1863 449 1920 6:
471 1865 535 1918 τῶν
558 1909 564 1922 .
589 1909 595 1922 .
619 1903 626 1920 .
651 1849 816 1937 Ῥωμαίων
837 1851 1145 1941 ἀπηλλοτριωμένων
1165 1864 1221 1941 τῆς
1244 1903 1251 1918 .
1277 1906 1283 1918 .
1309 1906 1317 1922 .

169 1957 326 2042 Εὐμένους
348 1954 480 2036 εάνοίας.
515 1959 606 2025 Adde
629 1967 680 2038 21,
700 1967 750 2040 20,
768 1965 803 2025 8:
828 1957 973 2035 διδόντος
997 1951 1184 2042 [Ἀντιόχου]
1207 1982 1317 2043 παρα-

167 2075 271 2150 χρῆμα
286 2064 343 2140 τὰς
365 2061 522 2150 πρότερον
545 2057 600 2152 ἀφ’
618 2063 704 2150 ἡμῶν
727 2060 1029 2150 ἀπηλλοτριωμένας
1051 2061 1183 2145 πόλεις,
1213 2071 1264 2144 32,
1289 2071 1318 2149 5,

170 2177 206 2234 7:
230 2163 473 2256 ἀπηλλοτρίωτο
495 2167 529 2255 (ν)
554 2167 738 2254 σύγκλητος)
761 2177 819 2260 τοῦ
839 2164 998 2251 βασιλέως
1005 2196 1015 2248 ,·
1044 2175 1099 2245 39,
1125 2176 1179 2246 14,
1196 2176 1229 2234 8:
1255 2179 1318 2232 τῶν

168 2271 271 2337 ἀλλων
289 2269 442 2359 Ἑλλήνων
457 2271 569 2352 σχεδὸν
585 2271 737 2336 ἁπάντων
759 2269 1067 2359 ἀπηλλοτριωμένων
1088 2282 1144 2358 της
1154 2267 1318 2355 Ῥωμαίων

167 2372 288 2465 φιλίας.

258 2482 292 2569 2)
314 2479 528 2564 ἀποδιδόναι,
559 2502 663 2567 praep.
695 2503 928 2567 supervacanea
956 2486 1005 2549 esi
1033 2485 1067 2548 in
1096 2482 1153 2548 ilia
1184 2481 1319 2548 dictione

170 2587 319 2673 σύνθημα
356 2584 567 2666 ἀποδιδόναι,
606 2606 683 2670 quae
717 2587 835 2672 legitur
872 2594 907 2666 8,
936 2593 991 2668 22,
1017 2593 1050 2652 5:
1095 2587 1134 2652 τὸ
1170 2586 1318 2672 σύνθημα

169 2685 390 2776 προσσυρίξας
404 2690 421 2755 ό
436 2691 548 2768 Βῶλος
569 2688 736 2772 ἀπέδωκε,
758 2699 787 2771 2,
805 2699 855 2773 07,
873 2702 906 2757 1:
933 2691 972 2757 τὸ
995 2691 1144 2779 σύνθημα
1159 2740 1166 2755 .
1182 2743 1188 2758 .
1206 2741 1213 2755 .
1234 2688 1319 2754 ἀπε-

171 2793 276 2882 mum
314 2803 343 2874 3,
368 2802 446 2876 105,
470 2805 507 2861 4:
543 2805 602 2861 τοῦ
632 2796 835 2882 συνθήματος
871 2794 1116 2876 δποδοθέντος;
1149 2796 1320 2879 multisque

170 2899 240 2964 aliis
262 2900 349 2966 louis,
1035 2969 1038 2976 ,

260 3005 293 3089 3)
317 3001 512 3069 ἀποπλανᾶν
530 3027 602 3069 τινα
618 3003 687 3070 ἀπό
702 3027 806 3084 τινος,·
829 3006 932 3072 activo
955 3007 987 3072 in
1003 3025 1116 3091 genere
1138 3007 1198 3071 hou
1221 3025 1321 3090 comp.

170 3111 227 3174 aii.
250 3128 313 3174 uon
336 3110 485 3190 occurrit,
517 3110 597 3194 quod
624 3111 672 3177 est
693 3112 914 3196 Hippocratis3
942 3113 975 3176 iu
1006 3111 1130 3194 passivo
1158 3110 1257 3177 semel
1284 3131 1321 3177 ux

170 3214 282 3280 Isocr.²
312 3213 455 3293 affertur,
489 3217 542 3281 sed
564 3215 647 3280 nudo
672 3237 742 3282 uum
770 3215 917 3300 genetivo
948 3217 1167 3300 conjunctum
1197 3214 1321 3278 πλανᾶν

169 3319 203 3381 in
234 3318 330 3383 attica
360 3319 496 3385 dictione
527 3322 700 3404 vulgatum.
759 3329 792 3402 3,
822 3327 873 3401 57,
896 3329 930 3386 4:
966 3318 1003 3385 οὐ
1024 3318 1213 3403 βουλόμενοι
1240 3312 1317 3404 παρ’

170 3417 292 3486 ἕκαστα
311 3421 457 3486 διασπᾶν
478 3424 534 3510 τὴν
557 3423 703 3512 διήγησιν
730 3419 798 3490 οὐδ’
829 3423 1024 3490 ἀποπλανᾶν
1046 3417 1115 3490 ἀπὸ
1137 3435 1193 3511 της
1214 3446 1320 3509 πραγ-

171 3537 306 3612 ματικῆς
328 3523 521 3605 ὑποθέσεως
542 3529 616 3606 τοὺς
638 3530 876 3617 φιληκοοῦντας.

259 3630 294 3716 4)
318 3627 527 3713 ἀποσιωπᾶν,
551 3633 632 3717 quod
656 3653 755 3718 comp.
780 3655 817 3700 ex
840 3637 895 3702 aii.
919 3635 1025 3718 script.
1048 3653 1111 3700 uno
1130 3633 1226 3700 Isocr.
1251 3635 1321 3698 Ιοοο

171 3735 334 3817 reperitur.
369 3735 542 3822 Sohueigh.
565 3741 657 3805 afferi
689 3747 739 3816 30,
758 3746 808 3824 20,
825 3749 858 3805 9:
881 3738 899 3804 ὁ
921 3737 957 3804 δὲ
976 3739 1127 3822 βασιλεὺς
1146 3733 1321 3820 συμμίξω-

260 3944 287 4010 1)
312 3943 382 3997 ΡΙυλ.
403 3943 470 3998 Tim.
489 3961 516 4014 p.
537 3945 609 4002 65A.
631 3946 707 4001 Dum.
732 3965 758 4017 p,
776 3948 836 4017 255,
854 3949 878 4003 3.
904 3949 986 4003 Isour.
1012 3967 1037 4019 p.
1057 3948 1146 4003 423E.
1172 3949 1322 4016 (praeterea

172 4047 214 4099 ap.
235 4031 358 4085 Aeschiu.
379 4034 406 4085 et
423 4031 564 4101 Hippocr.)

259 4119 288 4187 2)
307 4118 422 4173 Pauaih.
441 4137 466 4188 p.
485 4121 575 4175 2771),
