2900 4578
637 221 853 278 ..19..

262 385 294 472 1)
317 385 492 467 ἀντιδοξεῖν
500 390 521 468 1,
546 391 636 471 prim.
653 411 699 472 ap.
716 389 842 474 Polyb.,
865 393 948 454 inter
964 409 997 454 se
1013 391 1195 456 dissentire:
1221 397 1249 474 2,
1267 395 1317 467 56,

169 501 205 555 1;
230 489 262 554 έν
276 493 412 569 πολλοῖς
428 491 600 572 ἀντιδοξῶν
621 491 676 557 καί
695 491 846 557 τάναντία
869 492 999 581 γράφων
1022 493 1125 579 αύτῷ,
1149 503 1316 574 16,14,4;

168 596 258 682 ἡμῶν
279 595 525 698 ἀντιδοξούντων
546 599 630 684 πρὸς
652 597 766 674 αύτούς
788 599 856 684 (qui
878 600 974 664 falsas
998 620 1047 666 res
1070 599 1223 686 tradunt).

260 720 294 803 2)
328 717 578 801 ἀντικινεῖσθαι,
615 724 703 802 prim.
741 741 787 804 ap.
819 721 907 786 Arist
929 722 970 785 λλ
1001 724 1064 785 not.
1095 722 1227 805 propria.
1259 721 1319 804 Ap.

171 826 316 888 nostrum
349 827 450 891 exstat
481 833 509 902 2,
527 832 578 904 66,
595 831 628 888 3;
661 822 696 887 ού
723 823 893 906 δυνάμενος
916 822 952 888 δὲ
979 825 1089 907 λαβεῖν
1113 823 1202 888 οὐδέν
1225 823 1321 912 ἀργὸν

173 927 238 992 οὐδ’
263 923 399 1006 έξοπλον
419 929 474 992 διὰ
491 929 529 994 τὸ
547 929 632 1015 πρὸς
650 939 718 993 ποῖν
736 923 871 1011 ἑτοίμως
889 927 1126 993 ἀντικινεῖσθαι
1145 929 1201 992 τὸν
1213 930 1320 994 Κλεο-

172 1029 263 1118 μένη,
289 1053 460 1100 occurrere.
494 1033 499 1048 ¹

262 1153 296 1241 3)
318 1151 539 1236 ἀντιπίπτειν,
571 1157 662 1240 prim.
687 1177 733 1240 ap.
759 1157 890 1221 Arisioi.
921 1155 967 1240 (ei
991 1155 1177 1240 Theophn.);
1208 1176 1233 1221 ο.
1258 1160 1322 1221 noi.

172 1263 385 1341 repugnandi,
417 1264 527 1326 nonina
550 1280 636 1343 spem
661 1261 841 1326 eveniendi:
877 1267 931 1337 16,
955 1268 987 1338 2,
1015 1269 1047 1324 1;
1079 1271 1142 1322 τῶν
1162 1259 1246 1322 κατὰ
1267 1259 1323 1344 τὴν

173 1358 366 1446 πολιορκίαν
400 1361 660 1427 ἀντιπιπτόντων
697 1361 797 1448 αύτῷ,
832 1371 886 1444 24,
920 1371 973 1442 13,
1006 1370 1039 1428 5:
1075 1361 1175 1428 ὁπότε
1203 1362 1321 1427 τούτων

174 1461 368 1531 ἀποπίπτει
390 1491 440 1544 τις
465 1468 634 1554 προδήλως
655 1471 723 1544 τοῖς
750 1467 816 1532 ὑπὸ
835 1463 999 1550 Ῥωμαίων
1021 1467 1235 1556 γραφομένοις
1264 1472 1322 1534 ete.

176 1571 265 1636 Adde
291 1569 319 1649 2,
344 1581 395 1651 49,
418 1581 450 1638 8:
479 1571 518 1636 ἀν
541 1568 721 1659 ἀντιπίπτῃ
742 1573 784 1636 τά
805 1583 861 1659 τῆς
883 1573 983 1660 τύχης.

262 1707 298 1794 4)
319 1707 644 1790 ἀντιπολιτεύεσθαι,
669 1731 716 1794 ap.
738 1711 932 1776 Dinarchum
954 1711 1000 1796 (ei
1015 1709 1172 1796 Phalar.):
1198 1721 1226 1788 1,
1244 1717 1272 1789 8,
1289 1719 1323 1774 4;
1395 1751 1400 1766 ·

174 1811 282 1897 κύριος
312 1811 477 1898 γενόμενος
506 1827 569 1878 τῶν
598 1812 939 1896 ἀντιπολιτευομένων,
979 1816 1138 1880 adversari
1168 1815 1262 1880 alicui
1291 1816 1322 1878 in

176 1937 208 1981 re
236 1918 371 2000 publica.
416 1927 445 1999 4,
477 1927 526 1997 14,
559 1927 594 1984 2:
624 1931 687 2000 τῶν
715 1915 1041 2000 ἀντιπολιτευομένων
1069 1917 1325 2004 κατηγορούντων

176 2018 290 2101 auito&
313 2026 370 2088 etc.

265 2143 299 2228 5)
329 2141 582 2226 ἀποικοδομεῖν,
613 2145 703 2227 prim.
728 2164 775 2228 ap.
798 2145 921 2230 Polyb,
955 2147 1159 2228 „praesertim
1190 2145 1325 2228 dejectas

176 2247 215 2310 nb
239 2249 506 2332 oppugnatoribus
529 2251 634 2332 paries
657 2250 740 2313 muri
762 2249 975 2314 instaura1·e“:
1001 2258 1029 2328 1,
1054 2255 1105 2328 42,
1131 2255 1186 2312 12;
1210 2245 1246 2310 ού
1266 2248 1326 2334 μὴν

176 2347 243 2414 ἀλλ’
267 2351 286 2414 ὅ
305 2373 339 2437 με
356 2351 583 2438 στρατηγὸς...
605 2348 695 2415 ούδὲν
716 2350 898 2438 παρέλειπε
919 2362 982 2416 τῶν
1005 2352 1158 2431 δυνατῶν,
1183 2349 1264 2415 ἀλλά
1285 2353 1327 2414 τά

175 2451 234 2534 μέν
249 2452 485 2537 ἀντοικοδομῶν
500 2457 541 2518 τά
557 2449 587 2519 δ’
607 2454 878 2537 ἀντιμεταλλεύων
894 2454 930 2522 ού
944 2458 1000 2544 τὴν
1014 2465 1169 2536 τυχοῦσαν
1184 2450 1327 2540 ἀπορίαν

175 2561 309 2642 παρεῖχε
330 2562 399 2634 τοῖς
421 2555 640 2640 ὑπεναντίοις,Ι
666 2569 716 2639 16,
734 2567 784 2639 30,
803 2569 838 2626 6;
861 2560 917 2624 διά
938 2573 1001 2624 τῶν
1019 2559 1182 2641 μετάλλων
1201 2553 1326 2645 ἤγγιζον

176 2657 208 2725 οὶ
230 2661 419 2739 Μακεδόνες
449 2676 495 2748 τῷ
520 2664 604 2728 κατά
625 2663 664 2728 τὸ
686 2663 862 2741 πεπτωκὸς
886 2665 952 2728 ὑπὸ
977 2677 1041 2730 των
1067 2659 1202 2728 ἔνδοθεν
1224 2660 1325 2750 ἀντιμῑ

175 2764 382 2852 κοδομημένιμ
403 2764 502 2847 τείχει
525 2772 583 2834 uic.
1023 2766 1025 2770 ’

264 2904 298 2990 6)
329 2897 573 2992 ἀντοφθαλμεῖν
582 2907 603 2987 ⁸,
635 2910 724 2988 prim.
756 2929 804 2990 ap.
836 2910 918 2985 Pon,
954 2910 1116 2984 resistere,
1152 2905 1325 2981 adversam

174 3009 419 3076 usitatissimum
451 3012 581 3076 verbum
615 3015 697 3094 apud
727 3013 886 3076 nostrum:
923 3019 956 3091 2,
981 3019 1036 3087 24,
1062 3019 1097 3076 1;
1131 3007 1327 3094 παραβόλως

175 3105 452 3200 ἀντοφθαλμήσας
475 3113 571 3200 [πρός
585 3116 639 3200 τι),
680 3125 707 3199 1,
726 3124 775 3192 17,
792 3123 825 3179 3:
849 3112 1012 3198 ὑπέλαβον
1026 3111 1202 3200 βαρυτέρας
1221 3132 1326 3198 προο-

176 3214 313 3279 δεῖσθαι
328 3229 548 3304 παρασκευῆς,
574 3213 615 3282 δι’
633 3213 669 3304 ἧς
684 3212 927 3306 ἀντοφθαλμεῖν
942 3218 1128 3305 δυνήσονται
1145 3220 1213 3294 τοῖς
1228 3217 1326 3280 πολε-

175 3313 280 3399 μίαις,
310 3327 359 3400 23,
386 3331 435 3400 16,
460 3331 495 3386 3:
527 3322 611 3409 πρὸς
639 3322 677 3386 τὸ
708 3323 841 3410 πλῆθος
870 3317 1114 3410 ἀντοφθαλμεῖν
1147 3323 1328 3403 „adversari

176 3424 351 3490 voluntati“
377 3424 598 3513 (Schweigh.);
621 3430 792 3510 multisque
816 3429 886 3494 aliis
909 3429 997 3494 locis.

177 3599 432 3610 —-—.-—...

268 3701 294 3783 1)
314 3701 346 3754 ολ
366 3702 423 3768 p.9
442 3717 466 3754 v.
489 3701 673 3771 ἀμφιδοξεῖν,·
698 3699 830 3770 ορ.Ρ1ελ.
851 3698 944 3753 eadem
968 3715 1029 3752 eum
1048 3699 1158 3752 notione
1183 3698 1328 3758 ἀντιδοξά-

177 3790 232 3848 ζεεν
249 3787 357 3854 legitur.

264 3891 292 3960 2)
311 3907 357 3944 un.
376 3892 425 3945 loc.
445 3891 478 3947 de
497 3907 558 3961 gen.
577 3908 620 3948 an.
636 3893 662 3961 4,
679 3894 704 3957 3,
724 3892 771 3946 ubi
789 3896 876 3946 κινεῖν
895 3893 923 3944 ελ
941 3891 1091 3945 ἀντικινεῖν
1108 3889 1179 3942 inter
1198 3904 1226 3940 se
1245 3903 1327 3956 oppo-

178 3977 231 4030 sita
249 3979 320 4032 sunt.

265 4081 294 4147 3)
314 4082 474 4152 ὀφεαλμεῖν
487 4097 541 4135 non
556 4083 655 4152 exstat,
674 4081 723 4136 sed
736 4083 902 4153 ὀφθαλμιαυ
919 4079 1000 4134 eiiam
1019 4093 1062 4147 ap.
1074 4076 1145 4130 Plau
1160 4091 1221 4129 eum
1234 4075 1327 4144 signif.

177 4163 286 4220 dolendi
304 4183 335 4222 ex
354 4167 448 4223 oeulis.

1065 4247 1108 4316 2*
