2900 4578
643 152 838 210 „7-

258 319 332 385 Alia
354 320 428 386 sunt
451 339 488 384 ea
511 319 699 402 composita,
729 320 762 384 in
786 320 897 403 quibus
926 339 1056 404 graecae
1081 320 1209 404 linguae
1232 321 1320 412 quasi

170 426 315 491 senectus
343 425 481 506 apparet.
532 425 674 490 Primum
702 422 786 488 enim
815 425 998 506 saepissime
1027 423 1157 490 verbum
1188 425 1320 506 simplex

171 528 340 612 genuinam
363 547 453 594 suam
476 533 516 604 et·
530 527 656 612 plenam
678 528 742 593 vim
765 527 887 608 amisit,
917 547 979 610 qua
997 548 1031 593 ra
1054 529 1188 612 scriptor
1210 527 1320 594 multis

170 633 249 700 loeis
278 633 489 716 compositum
511 631 668 714 quoddam
698 650 755 716 pre
786 631 922 714 simplici
951 632 1045 700 verbe
1075 631 1173 698 attico
1197 650 1320 701 sumere

171 737 304 820 cogitur,
327 737 363 801 ut
383 737 411 802 si
433 739 481 802 uis
504 737 597 820 hujus
618 735 756 802 notionis
778 735 970 802 intendenda
993 737 1050 815 est,
1073 735 1168 802 aliam
1190 755 1319 820 praepe-

171 841 317 906 sitienem
335 839 426 924 adjici
447 859 575 906 neeesse
597 839 653 916 sit;
677 859 771 923 quarn
787 840 924 924 obrem,
947 859 1018 906 curn
1039 841 1213 924 composita
1226 839 1320 925 Poly·

171 943 264 1008 bians
281 963 373 1028 saepe
391 947 456 1011 vim
471 947 639 1011 verborum
655 943 844 1029 simplicium
861 946 1004 1024 teneant,
1027 943 1110 1012 haud
1127 944 1258 1011 iterare
1273 945 1320 1026 fit,

171 1049 207 1113 ut
227 1049 454 1133 praepositioni
476 1050 601 1115 cuidam
628 1049 722 1116 alieni
744 1049 839 1116 verbe
862 1051 1024 1134 appositas
1049 1049 1112 1117 alia
1133 1050 1166 1116 in
1190 1049 1321 1115 eandem

170 1154 236 1219 fere
270 1153 459 1220 sententiam
495 1153 653 1219 inclinans
689 1153 894 1238 praefigatur,
935 1154 989 1220 ubi
1024 1155 1130 1235 atticis
1166 1154 1320 1221 alterutra

169 1257 358 1340 praepositio
385 1277 457 1324 cum
480 1257 575 1324 verbo
600 1258 765 1342 conjuncta
789 1257 866 1324 satis
889 1261 947 1324 est.

234 1425 236 1432 ,
256 1361 378 1440 Deinde
402 1360 505 1428 multa
523 1362 697 1443 composita
718 1361 809 1427 nobis
825 1365 1008 1440 esurirunt,
1031 1363 1065 1428 in
1088 1363 1201 1446 quibus
1218 1361 1319 1426 eidem

171 1463 306 1547 simplici
329 1465 439 1532 eadem
466 1465 530 1530 fere
561 1465 688 1532 notione
718 1465 779 1530 alia
809 1465 998 1550 praepositio
1026 1468 1120 1550 atque
1149 1466 1183 1531 in
1210 1467 1320 1552 lingua

171 1567 268 1633 attica
290 1569 467 1652 praeposita
489 1572 545 1636 est.
805 1557 809 1563 ⁸

102 1753 105 1758 Ι
257 1673 388 1738 Praeter
410 1674 467 1740 has
489 1673 694 1752 mutationes,
718 1674 832 1756 quibus
852 1675 978 1758 linguae
1001 1676 1146 1741 senectus
1167 1673 1319 1758 proditur,

170 1776 321 1842 alienon
353 1777 459 1844 minus
485 1779 592 1862 grands
625 1796 720 1843 causa
754 1779 862 1860 copias
893 1777 1019 1862 quidem
1051 1779 1319 1862 praepositionum

170 1880 349 1946 adnotanda
378 1885 440 1961 est,
473 1883 638 1965 conjuncta
669 1901 706 1947 ca
729 1881 855 1966 quidem
884 1903 957 1949 cum
989 1885 1147 1950 sententia
1174 1883 1212 1948 dc
1241 1883 1319 1948 scri·

169 1986 270 2068 pteris
293 2005 398 2052 rernm
421 1985 540 2064 officie,
571 1989 696 2071 qualem
720 1986 870 2072 Polybius
901 1987 1005 2054 anime
1037 2007 1092 2054 sne
1119 1987 1319 2053 informavit:

170 2088 281 2156 decere
305 2090 374 2158 vult
404 2089 582 2156 narratione
606 2110 678 2168 sua,
713 2109 776 2156 nen
805 2091 908 2158 selum
936 2108 989 2157 eos
1019 2091 1073 2174 qui
1099 2090 1132 2157 in
1156 2091 1320 2157 doctorum

169 2211 299 2259 numere
323 2193 480 2260 habentur
504 2195 536 2259 et
559 2197 613 2278 qui
636 2194 676 2260 ad
703 2195 930 2278 rempublicam
961 2197 1117 2261 accessuri
1147 2195 1234 2275 sunt,
1264 2194 1319 2262 sed

169 2313 423 2380 quorumcunque
449 2297 582 2364 interest
612 2317 661 2364 res
690 2300 893 2383 attempero
921 2300 1143 2383 cognescere.¹
1195 2299 1319 2380 Quare

168 2404 294 2488 praeter
330 2403 425 2468 fidem
467 2402 657 2470 narrationis
695 2403 845 2470 erationis
880 2404 1137 2488 perspicuitatem
1174 2403 1321 2487 scriptori

169 2527 275 2574 rerum
302 2507 437 2572 maxime
459 2501 627 2590 petendam
651 2526 718 2573 esse
740 2509 846 2592 putat,
877 2526 940 2572 nen
969 2507 1046 2574 adeo
1072 2507 1180 2573 facilia
1210 2508 1242 2573 et
1265 2509 1319 2593 ju·

169 2615 272 2678 cunda
294 2613 400 2679 verba.
452 2613 564 2696 Itaque
592 2611 646 2693 fit,
681 2615 718 2678 ut
741 2611 778 2678 de
800 2611 957 2678 industria
985 2612 1129 2678 notiones
1152 2613 1320 2678 verberum

169 2717 452 2800 praepositionibus
484 2715 631 2799 praefixis
663 2721 778 2801 augeat
810 2719 843 2782 et
879 2716 1017 2783 rationes
1055 2736 1244 2800 quamquam
1283 2737 1319 2783 ox

170 2823 321 2886 erationis
348 2823 496 2887 contextu
518 2821 595 2905 ipse*
610 2824 762 2905 apparent
788 2823 913 2906 praeter
940 2821 1163 2889 necessitatem
1186 2840 1320 2906 praepe-

171 2924 337 2991 sitionibus
364 2925 499 3005 indicet,
530 2944 591 3008 que
613 2925 738 2990 facilius
762 2928 919 2992 sententia
943 2927 1177 2992 enuntiatorum
1207 2925 1320 2990 animis

169 3030 344 3112 legentium
367 3029 568 3113 percipiatur.

258 3134 345 3200 Haeo
367 3133 530 3216 praemisi,
553 3154 592 3199 ne
608 3135 724 3200 iterum
748 3137 840 3218 atqua
857 3135 979 3218 saepius
1002 3135 1083 3200 infra
1099 3137 1208 3201 eadem
1230 3155 1320 3219 repe-

170 3243 237 3304 tere
261 3256 364 3320 cogar.

258 3343 520 3407 Dissertatienem
544 3343 645 3427 ipsam
672 3344 719 3409 ita
748 3345 890 3420 institui,
914 3346 951 3408 ut
981 3343 1247 3427 praepositionum
1270 3362 1320 3409 se-

171 3447 250 3510 riem
288 3447 418 3511 secutus
456 3447 593 3530 primum
634 3467 670 3512 ea
705 3450 880 3532 composita
923 3448 1095 3512 tractarem
1136 3447 1169 3513 in
1208 3448 1320 3531 quibus

169 3549 365 3616 abrrndentia
399 3549 553 3634 quaedam
584 3551 848 3634 praepositionum
873 3552 1060 3636 apparebat3
1095 3551 1206 3618 deinde
1228 3571 1266 3618 ea
1287 3553 1321 3619 in

171 3823 259 3877 monis
276 3839 375 3894 genere
394 3823 423 3876 in
449 3839 501 3878 usu
524 3823 623 3887 fuisse,
650 3823 746 3878 uthis
770 3823 887 3894 receptis
914 3839 984 3878 nova
1008 3823 1140 3894 quasdam
1163 3823 1255 3879 vitalis
1278 3823 1320 3879 vis

172 3909 284 3977 linguae
302 3911 455 3965 senescenti
472 3909 638 3979 injiceretur.

244 3998 270 4065 1)
291 3995 332 4052 Oi.
353 3993 479 4064 Orcrucr,
500 3996 610 4065 „hister
629 3997 719 4052 Knnst
737 3996 785 4052 der
803 3996 924 4054 Griech.“
948 3997 1066 4067 („dtsch.
1085 3997 1174 4052 Senm‘
1200 3998 1266 4052 tem.
1278 3997 1321 4053 111

171 4099 198 4152 p.
212 4083 264 4140 246
277 4101 316 4154 sq.
336 4086 364 4138 et
381 4082 538 4154 pedesq.)
