2900 4578
621 204 837 262 „14-

155 375 184 449 9,
201 375 288 449 32,8
314 369 356 434 id.
386 378 437 450 12,
454 375 505 454 25,
523 379 557 434 4:
591 363 728 453 Τίμαιος
751 367 930 454 ἐπεβάλετο
952 369 1008 436 καί
1034 373 1090 460 τὴν
1111 374 1219 462 κοινὴν
1237 373 1300 462 φή-

153 496 214 560 μην
233 471 463 553 ἀνασκευάζειν.
516 537 520 546 .

243 578 277 664 2)
300 576 494 666 ἀνατρέχειν,
518 599 565 664 op.
583 581 678 646 Thue.
694 600 800 665 praep.
816 583 943 648 notione
958 584 1085 667 propria
1100 580 1250 668 (·„hi11euf
1255 581 1300 669 “);

154 683 237 766 apud
258 684 367 768 Polyb.
392 685 440 749 est
468 685 505 749 ut
528 684 610 769 apud
631 687 806 752 Homerum
829 706 1006 765 recurrere,
1036 690 1069 752 et
1095 687 1235 771 proprie,
1266 693 1302 754 ut

155 797 184 868 1,
201 795 252 869 50,
269 797 304 852 4:
327 783 378 852 ἀεί
398 787 473 865 τοὺς
495 785 721 876 ἀνατρέχοντας
742 785 963 874 ἓκτάττοντες,
995 799 1024 872 2,
1042 783 1093 872 67,
1110 799 1146 856 6:
1175 787 1300 878 ἀνέτρε-

151 915 208 972 χον
230 887 355 970 εἰςτὰς
376 889 413 972 ἐξ
433 891 527 980 ἀρχῆς
549 892 656 973 τάξεις
679 898 752 972 ete,
781 897 813 960 et
834 898 1020 980 improprie:
1045 902 1143 976 2,13,
1164 903 1199 960 4:
1223 893 1300 958 ἀνα-

152 995 274 1082 τρέχειν
296 994 472 1084 ἐπειρῶντο
497 999 581 1062 κατὰ
611 997 756 1081 δύναμιν,
789 999 983 1080 „emendare
1006 1020 1062 1082 pro
1086 1002 1206 1066 viribus
1228 1019 1300 1084 pee-

153 1106 267 1186 eata“;
296 1104 460 1187 praecipue
490 1123 563 1169 oum
592 1123 668 1170 voce
697 1101 823 1190 χρόνοις
854 1105 1070 1188 conjungitur,
1101 1109 1135 1170 ut
1167 1111 1299 1183 1,12,6

152 1207 230 1286 ete,
254 1225 326 1271 eum
347 1208 475 1272 notione
493 1207 587 1291 paulo
610 1207 705 1272 altius
728 1209 896 1292 repetendi.

243 1312 277 1397 3)
299 1311 373 1376 huie
400 1312 572 1395 composito
596 1314 691 1379 verbo
715 1313 827 1396 adjicio
850 1307 1119 1394 ἀνακομίζεσθαι,
1150 1313 1300 1397 aPolyb.

154 1415 335 1481 Herodotea
355 1416 411 1482 illa
431 1419 558 1483 notione
576 1416 726 1484 redeundi
747 1423 948 1501 usurpatum:
981 1426 1010 1498 1,
1027 1426 1078 1498 38,
1097 1423 1133 1485 5:
1149 1413 1302 1499 Ῥωμαῖοι

154 1531 217 1583 τῶν
239 1517 275 1584 ἐκ
298 1531 354 1608 τῆς
375 1515 527 1606 ναυαγίας
553 1518 836 1604 ἀνακομισθέντων
858 1521 1094 1598 διακούσαντες.
1151 1530 1181 1602 3,
1200 1528 1250 1602 74,
1268 1528 1302 1586 8:

154 1619 471 1712 ἀνεκομίσθησαν..
495 1620 542 1702 είς
562 1627 619 1714 τὴν
642 1621 843 1690 Πλακεντίαν
866 1629 925 1694 ete.

242 1729 278 1816 4)
308 1729 468 1814 proprium
498 1735 547 1798 est
577 1731 702 1815 Polybii
733 1732 865 1796 verbum
894 1729 1039 1794 ἀναλύειν
1073 1751 1143 1796 eum
1176 1730 1302 1796 notione

155 1834 306 1901 abeundi:
331 1839 360 1914 5,
378 1841 428 1914 29,
446 1841 480 1899 8:
503 1828 593 1910 αὖτις
612 1829 659 1911 εἰς
681 1821 942 1922 παρείχειμασίαν
963 1831 1102 1899 ἀνέλυσε.
1149 1842 1179 1915 2,
1197 1842 1247 1916 32,
1266 1843 1301 1900 3:

154 1935 307 2003 ἀνέλυσαν
330 1935 366 2002 ἐκ
386 1949 450 2002 τῶν
471 1937 659 2006 obmoveto.
705 1941 773 2007 Att.
797 1941 983 2007 neutraliter
1007 1943 1110 2006 exstat
1138 1961 1212 2025 pro:
1242 1941 1303 2007 sol-

121 2071 123 2076 ·
155 2063 227 2112 vere
251 2043 331 2127 alqd.
354 2045 412 2118 ete.

54 2221 62 2234 ρ
243 2146 278 2234 5)
300 2141 522 2229 ἀνακτᾶσθαι,
546 2151 629 2232 apud
648 2148 762 2234 Polyb.
786 2153 836 2216 est
855 2149 973 2232 aliquid
995 2151 1134 2233 recipere
1156 2147 1208 2235 (ut
1223 2150 1305 2234 apud

154 2251 299 2340 He1·0d.);
330 2260 411 2334 2,1,
436 2260 471 2317 6;
502 2245 656 2318 ἀνεκτᾶτο
686 2253 728 2316 τά
755 2253 839 2317 κατὰ
869 2253 924 2340 τὴν
951 2247 1088 2341 Ἰβηρίαν
1114 2253 1307 2340 πράγματα,

154 2358 248 2424 veli.
271 2377 299 2442 q.
323 2350 557 2440 ἀναλαμβάνειν
579 2358 767 2442 scriptorum
789 2362 956 2425 atticorum
994 2361 1014 2424 i.
1038 2379 1063 2428 e.
1085 2379 1226 2426 recreare
1249 2361 1309 2426 ali-

155 2481 264 2544 quem:
296 2470 326 2544 3,
345 2470 395 2544 60,
414 2470 447 2526 7:
480 2454 636 2526 ἀνεκτᾶτο
654 2459 710 2526 καί
738 2463 797 2540 τάς
818 2463 924 2550 ψυχάς
945 2461 1002 2527 καί
1023 2464 1065 2527 eol
1087 2463 1222 2546 σώματα
1242 2475 1307 2529 τῶν

154 2559 289 2652 ἀνδρῶν,
324 2568 376 2633 vel
403 2568 496 2634 alicui
524 2567 641 2652 aliquid
672 2570 854 2634 restituere:
885 2575 915 2648 3,
934 2575 985 2650 77,
1003 2575 1037 2633 6:
1065 2571 1220 2655 παρεῖναι

153 2671 209 2758 τὴν
229 2666 415 2757 ἐλευθερίαν
444 2666 700 2759 ἀνακτησάμενος
718 2665 917 2749 Ἰταλιώταις
940 2678 997 2739 eto.
1049 2674 1143 2756 Apud
1164 2676 1306 2758 Xenoph.

153 2774 200 2864 (et
222 2775 352 2862 Herod.)
377 2781 442 2842 est:
464 2777 602 2860 aliquem
625 2777 683 2842 sibi
707 2777 920 2842 reconciliare.

647 3213 822 3296 ANTL

162 3445 164 3454 .
241 3387 280 3452 Α.
325 3385 520 3472 composita,
548 3389 581 3452 in
606 3385 718 3471 quibus
741 3383 812 3451 ἀντὶ
834 3406 936 3473 praep.
962 3389 1108 3455 abundet.

242 3523 275 3612 a)
297 3524 408 3591 Attiou
431 3531 505 3593 sunt

242 3643 275 3730 1)
297 3643 613 3730 ἀνθομολογεῖσθαι,
639 3645 721 3730 quod
745 3647 874 3714 verbum
897 3669 933 3713 ex
953 3647 1183 3731 antiquioribus
1206 3647 1306 3731 serip-

152 3751 273 3816 toribus
302 3769 363 3816 uno
394 3751 483 3816 Dem.
512 3751 605 3816 loeo1
636 3751 772 3816 oeeurrit
803 3770 874 3816 oum
898 3756 963 3817 not.
1001 3755 1146 3817 mutuum
1176 3755 1305 3836 paetum

151 3855 289 3921 ineundi.
334 3855 428 3939 Apud
452 3854 562 3938 Polyb.
587 3854 746 3939 signifieat

223 4123 426 4198 waffi
