2900 4578
636 177 854 237 ·-35-

268 347 323 436 13)
346 344 640 436 διασφαλίζεσθαι,
663 367 709 431 pr.
733 367 781 430 ap.
805 347 888 424 Por,
912 349 1052 427 munire,
1075 351 1180 415 tutum
1204 351 1333 418 reddere

178 455 312 537 aliquid:
345 461 374 534 5,
400 461 450 533 69,
475 462 510 518 2;
542 453 616 529 τοὺς
639 449 674 516 δὲ
697 449 846 537 (τόπους)
875 455 947 529 ταῖς
967 453 1208 540 χειροποιήτοις
1232 478 1332 518 κατα-

178 561 305 634 σκευαῖς
338 554 618 645 διησφαλισμένος.
665 557 783 622 Eadem
822 557 885 622 fere
923 557 1051 624 notione
1090 559 1167 623 alibi
1202 561 1333 645 Polybio

178 665 282 745 simpl.
306 663 589 728 familiarissimum
612 663 677 738 esd,
701 662 783 745 quod
804 682 850 746 pr.
875 682 923 746 ap,
945 661 1080 728 Aristor.
1105 664 1215 727 exstat.

245 773 607 886 ’14)6ιαμθορίζειι,
638 821 684 882 pr.
713 820 760 884 ap.
784 802 866 877 Pol,
894 801 977 866 inter
1008 819 1040 865 se
1070 819 1248 866 susurrare:
1282 806 1332 884 15,

179 912 235 981 26,
272 911 311 970 8:
348 897 557 985 μοχθίζοντες
589 901 646 967 καί
679 899 967 990 διαψιθυρίζοντες
1006 901 1195 990 ἐξελήρησαν
1234 903 1333 980 οὕτως

178 1009 260 1072 ὥστε
282 1007 355 1095 μηδ’
378 1005 474 1072 αὐτὸν
497 1003 617 1072 εἰδέναι
639 1017 712 1084 πῶς
727 1061 734 1072 .
750 1058 779 1074 ..
803 1005 840 1071 ἐκ
860 1019 916 1094 τῆς
940 1003 1107 1094 ἐκκλησίας
1128 1005 1288 1093 ἀπελύθη.
1398 1088 1401 1096 Ι

267 1128 322 1216 15)
346 1124 551 1216 διερεθίζειν,
583 1150 630 1213 pr.
653 1147 700 1213 ap.
724 1131 809 1195 1³01:
844 1135 871 1206 9,
899 1136 949 1206 18,
974 1137 1010 1195 9:
1042 1124 1231 1214 διερεθίσας
1259 1127 1333 1204 τοὺς

178 1229 210 1296 ἐν
231 1242 270 1320 τῇ
291 1231 404 1314 πόλει,
430 1253 502 1299 eum
525 1233 734 1300 excitavisset.

265 1356 321 1442 16)
344 1353 572 1441 διερμήνεδειν,
606 1375 651 1437 pr.
674 1375 722 1438 ap.
744 1355 829 1432 Por,
853 1356 1072 1438 interpretari:
1105 1362 1133 1431 3,
1157 1362 1208 1434 22,
1226 1361 1261 1418 3:
1293 1349 1332 1430 ἃς

176 1457 366 1547 (συνθήκας)
388 1460 467 1523 καθ’
492 1458 568 1524 ὅσον
595 1454 631 1545 ἦν
653 1458 786 1523 δυνατὸν
812 1454 1029 1546 ἀκριβέστατα
1051 1457 1331 1545 διερμηνειίσαντες

176 1562 266 1649 ἡμεῖς
288 1562 566 1652 ὑποχεχράφαμεν.

265 1685 320 1769 17)
343 1685 528 1766 διευτονεῖν,
555 1707 599 1768 pr.
623 1706 669 1768 ap.
694 1687 863 1770 Theophr,
887 1683 1019 1764 habere,
1044 1705 1169 1750 servare
1193 1688 1273 1750 vim:
1298 1695 1328 1770 4,

176 1796 228 1872 43,
252 1796 288 1853 8:
319 1787 490 1854 διακονεῖν
515 1783 568 1854 οὖν
597 1786 702 1854 οὐκετι
726 1789 857 1854 δύναται
885 1788 919 1875 (δ
942 1789 1028 1876 ῥοῦς)
1056 1788 1140 1876 πρὸς
1161 1789 1217 1877 τήν
1239 1787 1327 1853 ἅντι-

175 1889 277 1978 πέρας
296 1893 410 1979 χώραν.
457 1894 597 1960 Eandem
627 1896 690 1963 vim
720 1915 767 1979 ap.
792 1895 939 1979 Hippeer.
971 1896 1073 1978 simpl.
1104 1895 1213 1971 sumit,
1244 1893 1327 1978 quod

175 2016 236 2063 non
260 2003 309 2064 est
332 2001 464 2066 verbum
486 2000 628 2066 atticum.

265 2133 319 2222 18)
342 2135 523 2216 διϊχνεδειν,
553 2158 598 2220 pr.
621 2157 669 2220 ap.
691 2138 772 2220 Pol,
804 2137 1013 2222 investigare:
1044 2144 1079 2220 4,
1102 2143 1157 2219 68,
1178 2143 1213 2200 3:
1243 2133 1326 2214 διϊχ-

173 2237 314 2316 νεύοντες
335 2238 414 2326 περὶ
435 2239 494 2318 τὰς
515 2237 713 2327 προνομείας
739 2237 961 2323 ἐμπίπτουσιν
983 2235 1030 2317 εἰς
1051 2239 1125 2316 τοὺς
1147 2236 1225 2326 περὶ
1241 2290 1249 2303 .
1267 2290 1274 2302 .
1292 2289 1325 2304 ..

172 2342 240 2409 Art.
263 2343 309 2408 ita
333 2345 436 2427 simpl.

262 2461 317 2549 19)
341 2461 580 2550 διορχίζεσθαι,
605 2488 649 2551 pr.
673 2487 720 2549 ap.
737 2467 820 2546 Por,
846 2466 885 2546 „i.
903 2486 931 2548 q.
953 2466 1077 2550 simpl.“
1102 2463 1324 2553 (Schweigh.);

174 2573 201 2640 2,
224 2574 254 2646 6,
277 2575 330 2633 13:
361 2567 603 2656 διορχισθένεες
625 2568 684 2634 ε’πί
710 2579 750 2658 τῇ
771 2565 968 2656 παρανομίᾳ.
1014 2578 1043 2648 4,
1064 2577 1095 2647 4,
1116 2577 1151 2632 4;
1180 2568 1324 2655 διοργισ-

171 2666 246 2747 θεὶς
266 2670 284 2735 δ
306 2668 500 2759 Δωρίμαχος
523 2672 653 2761 εὐήθεις
679 2672 795 2752 αὐτοὺς
820 2669 882 2762 ἔφη
903 2671 1019 2750 τελέως
1037 2670 1200 2760 ὑπάρχειν.
1235 2676 1324 2740 Adde

173 2779 269 2861 εει,
288 2786 317 2840 1.
353 2785 405 2865 20,
422 2786 451 2864 ε,
469 2787 519 2844 10.

257 2969 315 3054 ββ)
337 2972 384 3035 Ex
408 2971 630 3055 decompositis
653 2979 729 3040 eunt
750 2955 937 3058 preferenda

259 3119 292 3207 1)
315 3120 524 3206 διακατέχειν,
549 3149 595 3211 pr.
627 3147 674 3212 ap.
696 3129 781 3207 Por,
813 3146 886 3192 eum
910 3128 997 3193 verbi
1020 3121 1163 3204 κατέχειν
1185 3126 1323 3193 notioni-

170 3223 242 3304 bus,
265 3225 286 3289 i.
310 3246 336 3290 e.
359 3229 537 3312 obtinendi,
561 3233 733 3311 retinendi,
758 3232 921 3299 coercendi
945 3234 1017 3295 ete:
1041 3239 1070 3314 2,
1089 3238 1140 3309 17,
1156 3237 1193 3296 5:
1223 3230 1265 3294 τὰ
1287 3228 1323 3295 δὲ

169 3328 253 3412 πρὸς
274 3329 330 3394 τὸν
350 3326 486 3421 Ἀδρίαν
504 3333 563 3426 ’ήδη
586 3336 791 3423 προσήκοντα
821 3333 911 3422 γένος
934 3332 1014 3403 ἄλλο,
1037 3387 1044 3402 .
1067 3383 1075 3397 .
1107 3331 1322 3414 διακατέσχεν.

170 3440 198 3510 2,
216 3439 266 3512 70,
283 3443 320 3500 3:
350 3432 380 3502 εί
403 3490 456 3504 ...
479 3437 538 3504 ἐπὶ
559 3441 660 3526 βραχὺ
684 3453 748 3505 τῶν
769 3452 890 3528 καιρῶν
909 3437 1163 3525 ἀντεποιήσατο,
1187 3440 1321 3504 διακατ-

167 3533 257 3616 έσχεν
287 3539 326 3604 δν
354 3543 410 3631 τήν
438 3541 540 3632 ἀρχήν.
598 3553 626 3632 2,
644 3553 694 3625 51,
710 3555 744 3610 2;
773 3542 972 3624 διακατέχειν
993 3543 1052 3620 τὰς
1152 3540 1320 3626 ἐπιβολάς,

167 3642 328 3725 impedire.
374 3646 473 3714 simil.
498 3657 528 3728 4,
546 3655 597 3731 55,
614 3659 643 3717 6.
668 3658 719 3736 21,
737 3658 789 3731 21,
807 3657 832 3713 7.
857 3657 886 3729 6,
903 3654 954 3725 55,
973 3658 1000 3712 1.
1044 3647 1133 3714 Adde
1159 3657 1208 3728 11,
1222 3657 1273 3728 13,
1291 3655 1319 3713 2.

169 3753 324 3826 11,15,1
347 3749 542 3835 (διακατεῖχε
564 3755 640 3833 τοὺς
659 3752 901 3843 μισθοφόρους,
927 3751 1117 3837 cohibebat).

256 3885 290 3972 2)
313 3887 573 3972 διαποστέλλειν,
596 3915 641 3977 pr.
664 3915 712 3977 ap.
734 3895 859 3979 Polyb,
882 3892 1010 3958 mittere
1032 3893 1073 3956 ad
1090 3944 1096 3955 .
1113 3916 1136 3967 ·;
1167 3897 1319 3972 5142773

166 3984 340 4078 ἐπιστολήν
360 3991 492 4072 πλάσας
511 3995 555 4074 ὡς
575 3993 654 4084 παρ’
669 3991 802 4078 Ἀχαιοῦ
824 3992 1101 4082 διαπεσταλμὲνήν
1122 3997 1318 4084 προσήνεγκε
1432 3997 1433 4025 ’

164 4103 211 4177 τῷ
239 4095 376 4176 βασιλεῖ.
430 4107 480 4179 18,
502 4108 552 4186 22,
575 4110 610 4166 2;
645 4101 890 4186 πυνθανόμενος
915 4105 956 4170 τὰ
984 4095 1199 4188 συμβαίνοντα
1226 4107 1319 4192 παρὰ

1052 4219 1100 4284 341

1428 4209 1431 4335 1
