2900 4578
608 207 824 270 -29.„

230 380 263 464 8)
291 375 521 460 δποκαθίζειν,
552 379 642 462 prim.
670 399 718 462 ap.
748 379 833 454 Pol..
866 380 1021 444 remotum
1052 377 1091 443 ab
1123 376 1228 460 aliqua
1257 395 1291 440 re

139 485 257 550 alieubi
272 487 405 550 versari:
430 493 481 565 31,
502 492 552 564 10,
571 493 607 549 3:
634 479 872 570 παραγενηθεὶς
887 481 981 560 αὐτὸς
997 479 1110 568 (Γάϊος
1125 481 1142 545 δ
1159 480 1292 568 Γάλλος)

141 583 189 664 είς
210 588 269 666 τὰς
291 587 441 675 Σάρδεις,
466 582 679 664 ἀποκαθίσας
702 584 735 651 ἐν
756 598 803 672 τῷ
825 581 987 674 γυμνασίῳ
1010 583 1068 650 ἐπὶ
1090 582 1151 666 δίχ’
1175 583 1292 672 ἡμέρας

142 691 271 778 διύγισαε
301 704 365 757 τῶν
397 679 662 780 κατηγορούντων.
722 692 813 758 Adde
847 700 903 773 12,
940 694 1024 769 aed,
1050 700 1086 757 1:
1124 687 1291 778 (Τίμαιος)

142 793 356 874 ἀποκαθίσας
389 791 547 884 Ἀθήνησι
578 796 689 877 σχεδὸν
718 790 773 882 ἔτη
800 795 996 881 πεντήκοντα
1029 797 1048 860 i.
1075 816 1100 860 e.
1135 795 1245 880 procul
1274 817 1292 861 a

141 905 245 986 patria
266 906 408 970 versatus
431 903 573 968 Athenis.

229 1009 265 1093 β)
290 1027 337 1091 ap.
360 1028 457 1072 unum
480 1008 646 1092 Polybium
670 1007 703 1072 in
724 1026 783 1072 usu
807 1012 896 1074 eunt:

233 1110 266 1198 1)
300 1109 630 1198 ἀποδερματοῦσθαιι
671 1120 703 1191 6,
737 1118 792 1192 25,
825 1121 860 1176 7:
894 1107 940 1197 (σί
968 1106 1097 1197 θυρεοὶ)
1132 1110 1199 1175 ὑπὸ
1230 1122 1293 1175 τῶν

143 1208 272 1300 ὄμβρων
291 1213 609 1301 ἄποδερματσύμενοι
631 1213 687 1280 καί
706 1215 864 1298 μυδῶντες
882 1215 1071 1302 δύσχρηστα
1091 1210 1293 1300 ...γίνονται
1375 1219 1378 1230 '

143 1319 328 1397 παντελσς;
359 1320 474 1386 dieitur
504 1320 541 1386 de
570 1322 674 1406 scuto,
707 1341 804 1400 „eum
836 1323 956 1386 cerium
982 1322 1113 1386 humere
1143 1321 1291 1384 Ιεκκλιιύι

142 1423 346 1510 (Schweigh.)

233 1527 266 1611 2)
289 1525 594 1615 ἀποξαστραύσθαιτ
623 1537 656 1606 2,
681 1538 736 1608 33,
759 1538 795 1595 3:
824 1524 873 1616 (αἱ
896 1526 1065 1616 μάχαιραι)
1087 1526 1156 1592 ἀπὸ
1178 1527 1293 1614 ταύτης

143 1633 212 1720 (της
230 1632 360 1720 πρώτης
373 1644 559 1723 καταφοραῖς
574 1631 715 1722 καιρίας)
738 1630 861 1710 εὐθέως
885 1633 1159 1721 ἀποξνστρσύνται
1178 1657 1291 1715 καμπ-

143 1735 274 1820 τόμεναι
303 1739 387 1801 κατὰ
416 1750 515 1825 μῆκος
548 1735 604 1802 καί
631 1739 716 1802 κατὰ
748 1736 872 1814 πλάτος
900 1739 920 1802 i.
945 1760 970 1804 e.
1001 1741 1083 1804 acies
1114 1738 1291 1824 gladiorum

142 1845 244 1925 prime
267 1845 334 1908 ictu
356 1843 439 1908 facto
464 1844 573 1909 statim
595 1843 729 1927 strigilis
751 1841 896 1928 (ξύστρα)
918 1842 1010 1907 medo
1034 1843 1210 1907 hebetatur.

232 1946 266 2034 3)
289 1945 465 2034 ἄπουρσύνε
498 1955 548 2025 16,
573 1953 623 2026 15,
652 1955 688 2012 4:
718 1945 1033 2032 ἀναγκασθῆναι...
1057 1941 1104 2024 είς
1124 1946 1180 2034 τὴν
1199 1950 1291 2010 Μυν-

143 2045 216 2114 δίαν
242 2049 495 2138 ἀπονρώσαντας
524 2055 793 2137 καθορμισθηναι
814 2054 833 2118 i.
857 2073 881 2118 e.
904 2052 1036 2117 adverso
1058 2056 1153 2116 rente
1180 2053 1291 2118 ductes

143 2155 184 2220 ad
204 2157 357 2240 Myndum
380 2157 491 2221 urbem
514 2157 671 2242 appellere
698 2159 796 2240 eegi.¹

658 2575 776 2654 ΔΙΑ.

231 2725 336 2792 Verba
374 2747 444 2792 eum
482 2748 588 2812 praep.
627 2727 684 2792 διὰ
721 2730 896 2811 eompeeiia
934 2727 1183 2792 familiarissima
1220 2731 1293 2791 sunt

141 2831 251 2896 nostre
277 2830 438 2914 multaque
462 2833 513 2898 hie
536 2835 702 2899 offerenda.

232 2951 270 3016 A.
304 2953 512 3020 Abundanter
526 2957 652 3040 praeter
669 2953 890 3020 necessitatem
906 2953 1028 3036 adjecta
1050 2955 1098 3016 eei
1117 2971 1221 3034 praep.
1238 2950 1293 3013 διὰ

232 3072 264 3160 a)
285 3073 318 3138 in
341 3076 523 3158 compositis
545 3075 650 3142 atticis
673 3076 775 3140 hisee:

232 3193 267 3278 α)
290 3213 390 3278 comp.

234 3313 267 3401 1)
303 3314 563 3401 διακελεύεσθαι,
600 3338 647 3401 ap.
679 3320 737 3384 aar.
768 3316 865 3400 vulgo
900 3317 1073 3392 eohoriari,
1107 3335 1156 3398 ap.
1186 3315 1295 3400 Polyb.

137 3418 273 3509 jubendi
303 3421 463 3486 notionem
486 3423 620 3504 recepit:
651 3431 680 3500 8,
702 3430 754 3499 32,
778 3429 812 3485 4;
834 3423 903 3497 τοῖς
919 3469 926 3482 .
943 3467 976 3483 ..
998 3417 1133 3506 ἡγεμόσι
1161 3414 1295 3483 κτείνειν

143 3521 368 3589 διεκελεύσατο
382 3526 456 3602 τοὺς
471 3523 712 3611 ἐντυγχάνοντας
725 3537 789 3589 τῶν
799 3519 972 3606 Ῥωμαίων.
998 3517 1086 3588 οὗτοι
1099 3573 1106 3588 .
1121 3573 1128 3588 .
1143 3574 1151 3588 .
1171 3518 1293 3611 ἔπρατ-

215 3731 242 3798 1)
260 3747 308 3800 pro
328 3731 532 3785 ύνιονουθετεῖν
549 3731 624 3784 codd.
645 3733 685 3800 15,
701 3733 726 3794 6,
740 3732 769 3786 6:
794 3731 826 3784 τὸ
844 3729 876 3784 δὲ
893 3731 969 3789 τέλος
987 3729 1043 3782 ὑπὸ
1061 3737 1108 3796 τῆς
1125 3730 1208 3799 τύχης
1224 3729 1296 3782 ἀπο-

142 3818 360 3887 νουθετούμενοι
383 3820 466 3888 μέχρι
490 3819 590 3870 τούτου
619 3819 828 3888 προβεβήκαμεν
858 3815 927 3869 ὥστε
945 3857 951 3869 .
970 3857 989 3882 .,
1018 3815 1099 3870 Dind.
1124 3833 1191 3870 cerr.
1217 3819 1297 3869 οὔπω

141 3903 324 3971 νουθετούμ,
350 3919 512 3973 quamquam
537 3905 653 3959 fortasse
675 3905 746 3958 nihil
771 3906 813 3958 est
837 3903 997 3957 mutandum
1016 3904 1044 3955 et
1067 3917 1127 3954 eum
1146 3901 1294 3969 Schweigh.

141 3987 217 4056 (adn.
236 3987 272 4041 ad
291 3987 315 4040 h.
334 3989 365 4057 1.)
384 3989 633 4058 interpretandum:
662 3990 768 4058 „lieet
785 3989 895 4044 fortuna
914 3992 1006 4058 (quam
1025 3988 1132 4056 utrique
1150 3987 1295 4041 inelemen-

140 4075 200 4128 tem
218 4075 286 4128 eatis
306 4076 409 4144 experti
428 4079 531 4147 sumus)
551 4095 599 4132 nos
618 4078 882 4144 demiraretur,
901 4077 944 4130 vel
963 4093 1012 4129 nes
1032 4074 1237 4127 admoneret
1254 4087 1294 4128 ne

142 4161 321 4229 pertinaciter
338 4178 558 4232 persequeremur
575 4165 701 4222 bellum.“
